3496 4924
839 343 876 406 71

241 531 422 594 doctriuae:
445 550 525 612 quae
548 531 707 594 nescimus
731 550 792 612 quo
814 531 882 595 iure
906 529 987 596 Gall.
1011 532 1059 595 illi
1081 532 1180 616 intpp.
1204 531 1374 597 verterint:
1401 527 1474 595 c’est

239 651 327 698 asser
348 652 405 695 sur
428 631 456 695 le
476 631 585 694 ruo'rite
607 631 645 694 de
667 635 813 694 lacertu
835 635 865 695 ot
886 651 944 695 sur
966 631 999 696 la
1021 632 1106 713 force
1128 633 1165 696 de
1188 636 1242 696 tou
1261 632 1374 696 saurir.

327 736 356 819 c)
381 757 437 821 pro
466 737 552 800 nudo
584 738 644 801 abl.
674 737 720 800 IX
750 738 779 814 9,
802 735 860 801 lo:
901 733 1012 819 (opus)
1042 733 1225 816 bipertitum
1259 737 1315 800 sub
1353 735 1473 819 dialopi

240 840 400 915 schemate,
424 838 480 901 sub
504 857 674 902 causarum
693 837 825 902 tberuate
847 839 1124 920 quadripertitum.
1169 840 1214 904 IX
1238 839 1277 904 15
1301 859 1327 904 c.
1344 842 1384 904 39
1408 860 1470 922 sq.:

240 941 501 1023 scholasticusque
524 941 579 1003 sub
597 939 834 1004 rotundioribus
855 939 970 1005 Petrus
990 940 1137 1006 Claucuis
1158 940 1333 1004 dictitasset
1354 941 1471 1005 acrius.

240 1048 270 1124 2,
295 1049 356 1111 268
376 1066 437 1129 sq.:
468 1064 532 1108 uou
545 1047 696 1123 peoouute
716 1043 772 1107 sub
797 1043 859 1106 ictu
881 1043 1021 1110 Eductus
1038 1063 1170 1124 peceare
1190 1042 1294 1123 furor.
1339 1045 1369 1124 2,
1395 1046 1471 1109 464:

239 1148 295 1212 bos
317 1167 437 1230 quoque
458 1148 514 1210 sub
537 1147 655 1210 uostris
674 1147 795 1210 douuit
816 1145 971 1212 Ser-cilius
992 1148 1100 1212 aru-is.
1144 1150 1172 1227 7,
1196 1148 1278 1212 263:
1312 1147 1369 1210 sub
1391 1145 1472 1210 ussi-

241 1251 314 1314 duis
335 1250 483 1315 deututus
505 1249 648 1313 caedibus
670 1251 755 1314 cusis
778 1254 850 1316 cett.

327 1357 354 1418 2.
399 1356 436 1419 de
460 1357 535 1419 sub
560 1373 585 1419 c.
609 1373 686 1420 acc.
710 1356 787 1419 nihil
810 1355 871 1418 tuit
892 1355 1077 1419 natandum.

191 1471 200 1514 .·
325 1456 385 1521 ΙΠ.
423 1477 541 1541 snper
579 1457 606 1521 1.
637 1477 662 1522 e.
695 1459 755 1521 abl.
802 1457 833 1539 a)
862 1481 905 1510 =
927 1456 964 1520 de
995 1457 1122 1540 perinde
1159 1459 1253 1539 atque
1283 1475 1330 1539 ap.
1361 1474 1471 1521 omnes

241 1561 381 1624 omnium
404 1564 546 1625 aetatum
567 1560 737 1644 scriptores
760 1565 887 1643 praeter
902 1560 965 1626 Cic.
984 1559 1135 1642 (exceptis
1153 1557 1236 1642 epp.)
1259 1561 1290 1622 et
1305 1559 1471 1624 Caesarem

241 1663 303 1744 (ap.
328 1662 402 1726 Sall.
426 1660 552 1744 semel):
578 1663 669 1728 cuius
689 1683 766 1728 usus
787 1683 852 1728 non
875 1663 936 1727 fuit
959 1664 1041 1746 quod
1065 1663 1207 1745 exempla
1231 1662 1433 1726 adfer-remus.

328 1762 361 1846 b)
385 1766 587 1830 coniunctum
610 1785 681 1830 cum
703 1769 752 1830 rb.
771 1767 1030 1852 supersedere
1062 1786 1086 1830 c.
1112 1764 1152 1828 14
1174 1783 1221 1847 ep.
1244 1763 1261 1844 ἓ
1285 1766 1317 1827 2:
1349 1763 1471 1827 uovcrit

240 1867 301 1930 sibi
322 1870 380 1929 aut
400 1885 496 1946 super
515 1863 729 1936 buiusccmodi
749 1868 832 1930 artis
853 1868 1008 1932 meutioue
1031 1865 1297 1948 supersedcuduu
1315 1869 1373 1928 cut
1395 1870 1470 1932 cett.

240 1969 346 2050 (simil.
368 1970 569 2050 supersedere
588 1969 626 2032 dc
645 1972 660 2035 1
683 1971 712 2048 2,
728 1975 766 2035 o:
789 1970 826 2034 de
849 1969 930 2034 luuu
951 1974 1058 2034 autera
1079 1968 1134 2032 illo
1150 1967 1330 2044 subbatario
1351 1987 1471 2032 uarra·

239 2072 320 2137 licui
340 2093 426 2136 meae
448 2073 715 2152 supersedendum
736 2077 801 2154 est).

326 2180 354 2240 2.
389 2197 414 2240 c.
438 2197 501 2240 ace.
546 2175 578 2256 a)
602 2178 640 2241 de
664 2178 819 2258 dignitate
841 2174 876 2239 ΙΙ
891 2179 920 2255 3,
940 2180 976 2240 2:
1000 2175 1148 2240 (leucum
1168 2172 1352 2253 Pompeium
1374 2193 1470 2254 super

239 2277 378 2342 aemulos
400 2277 515 2340 eutulit
588 2277 803 2357 popularitas.
850 2276 924 2340 Vili
949 2280 978 2356 6,
997 2282 1031 2342 2:
1060 2297 1156 2357 super
1177 2279 1302 2339 cuuctos
1322 2279 1351 2340 tc
1375 2297 1471 2358 quau

233 2383 378 2463 priuuu
400 2380 503 2444 decuit
524 2399 696 2462 apuoscere.
1117 2416 1122 2424 ·

324 2483 361 2566 b)
383 2511 427 2538 =
437 2487 570 2564 praeter
592 2485 618 2548 si
642 2485 734 2548 modo
757 2487 842 2548 recte
864 2483 1078 2548 intelleximus
1101 2482 1184 2549 VIII
1206 2486 1254 2560 10,
1271 2485 1306 2546 2:
1330 2503 1390 2564 quo
1412 2481 1471 2546 loci
1581 2521 1583 2526 .

241 2591 354 2663 tamea,
377 2587 568 2650 siuuiuuru
588 2589 726 2648 uestrum
747 2585 821 2649 boue
838 2585 956 2661 ucetior,
980 2605 1076 2666 super
1097 2576 1351 2666 affectuu'pueru
1366 2585 1469 2650 uoui-

241 2709 326 2752 uuu
347 2689 483 2752 osteudis
507 2689 561 2752 boc
583 2692 619 2751 tu
641 2693 671 2752 et
692 2691 763 2752 arto
785 2688 897 2768 fecisti.
1299 2709 1302 2714 ·

325 2792 413 2858 Haeo
435 2793 603 2857 habuimus
627 2811 706 2874 quae
730 2794 768 2857 de
785 2793 954 2857 Sidoniano
978 2795 1249 2876 praepositionum
1271 2812 1331 2857 usu
1354 2793 1469 2859 disser-

241 2914 373 2960 eremus.
419 2916 483 2960 non
506 2915 563 2960 nos
586 2895 699 2960 fefellit
726 2897 827 2969 multo
849 2896 977 2959 uberius
1001 2901 1034 2960 et
1056 2898 1212 2979 copiosius
1235 2897 1273 2960 de
1296 2897 1355 2960 hac
1378 2901 1468 2981 parte

240 3001 378 3080 patuisse
414 3001 526 3082 exponi
560 3018 789 3082 numerumque
829 2999 1043 3080 exemplorum
1080 2999 1195 3080 augeri.
1248 2998 1303 3062 sed
1339 3017 1404 3062 non
1436 2999 1469 3063 id

240 3101 361 3180 egimus
384 3105 421 3165 ut
443 3103 584 3185 exempla
608 3101 791 3166 afferremus
813 3103 918 3166 omnia
934 3105 1029 3184 atque
1045 3103 1141 3166 etiam
1164 3121 1293 3184 prorsus
1308 3102 1467 3183 legitima:

240 3204 302 3267 imo
325 3205 430 3286 potius
457 3205 488 3268 id
518 3223 628 3268 sumus
652 3205 716 3266 nixi
737 3207 774 3268 ut
795 3205 969 3285 insigniora
999 3208 1127 3271 tantum
1150 3205 1293 3287 quamvis
1316 3206 1469 3271 nonnulla

239 3325 302 3371 non
326 3307 403 3372 satis
427 3309 594 3392 perspicua
616 3309 672 3370 aut
696 3307 831 3371 dilucida
854 3326 1117 3396 enumeraremus.
1154 3327 1256 3389 neque
1278 3309 1354 3373 vitio
1376 3309 1467 3373 nobis

239 3429 364 3473 versum
391 3411 427 3475 iri
461 3410 656 3493 sperabimus
687 3408 769 3491 quod
797 3409 882 3472 lacos
906 3411 1059 3489 quasdam
1081 3410 1275 3476 difficiliores
1299 3415 1331 3475 et
1353 3413 1467 3475 obscu-

239 3512 336 3575 riores
358 3514 557 3595 interpretari
580 3531 640 3576 non
666 3530 775 3576 samus
798 3513 952 3591 aggressi:
976 3513 1089 3596 quippe
1112 3514 1176 3576 iam
1194 3514 1340 3577 Ruricius
1356 3513 1467 3577 Lemo-

239 3614 373 3678 vicensis
397 3613 458 3698 (ep.
480 3613 516 3678 II
538 3619 588 3692 26,
613 3619 645 3694 3)
672 3615 790 3680 Sidonii
813 3615 953 3697 aequalis
978 3618 1072 3698 atque
1095 3615 1216 3679 amicus
1242 3615 1332 3680 ilium
1355 3617 1467 3681 obscu-

239 3719 353 3782 riorem
376 3737 443 3782 esse
467 3722 500 3782 et
521 3719 692 3801 interprete
716 3737 807 3799 egere
831 3721 1022 3800 conquestus
1046 3720 1102 3784 est

325 3819 411 3899 Quae
435 3825 541 3886 autem
564 3841 601 3884 ex
623 3822 667 3886 eis
691 3822 840 3903 exemplis
865 3841 946 3903 quae
973 3823 1138 3886 attulimus
1161 3825 1395 3903 consequantur
1418 3823 1466 3886 vix
1528 3827 1530 3832 '

239 3927 288 3988 est
319 3925 402 4006 quod
430 3924 592 3989 addamus.
643 3923 820 4005 quicunque
855 3925 938 3988 enim
970 3927 1075 4007 paullo
1104 3924 1258 3988 attentius
1289 3925 1466 4007 perlegerit,

239 4047 275 4092 ea
308 4047 388 4110 quae
420 4028 576 4093 Henricus
610 4027 721 4092 (itiner
763 4027 801 4089 de
833 4026 1029 4108 Hieronymo
1059 4028 1265 4108 omnibusque
1299 4028 1467 4093 latinitatis

239 4131 328 4211 quasi
358 4131 493 4196 labentis
527 4130 733 4212 scriptoribus
769 4128 845 4192 dicit
877 4130 909 4193 in
945 4129 1108 4194 Sidonium
1143 4148 1266 4211 quoque
1303 4130 1467 4213 intelleget

239 4233 363 4297 cadere:
381 4233 573 4308 senescentis
597 4231 765 4297 latinitatis
782 4233 894 4310 aetate,
913 4234 1060 4314 qnoniam
1080 4234 1128 4297 illi
1149 4233 1318 4317 scriptores
1333 4235 1467 4299 nimium

237 4337 402 4400 hauserint
424 4357 460 4400 ex
483 4337 637 4402 sermonis
659 4335 798 4417 vulgaris
821 4335 962 4400 fontibus
985 4337 1252 4420 praepositionum
1270 4355 1363 4402 usum
1382 4337 1465 4401 iusto

237 4439 334 4503 latius
358 4441 505 4521 patuisse.
