3496 4924
777 310 876 372 ι65

240 499 374 563 liberare
407 498 445 560 de
476 495 600 579 poeria).
656 516 746 561 oure
773 493 840 559 VH
864 495 912 572 13,
940 476 982 558 2:¹
1011 508 1133 556 summa
1165 491 1286 556 bouiui
1318 510 1396 556 eura
1432 491 1470 554 de

239 601 363 666 litteris.
410 600 670 666 *desiderium
693 597 758 663 VH
781 598 831 680 11,
855 599 886 662 1:
924 596 1078 660 desiderio
1107 596 1144 660 de
1171 596 1255 660 uobis
1283 615 1349 661 urea
1376 594 1470 660 satis-

109 781 111 788 ,
239 707 351 787 fucere.

327 807 357 891 e)
380 810 566 892 usurpatum
584 807 615 870 in
629 805 836 888 significanda
851 805 969 886 origine
986 825 1098 873 caussa
1112 807 1245 872 materia
1258 803 1470 868 instrumento

239 913 333 978 modo
354 913 489 992 denique
512 912 625 994 pretio:
648 908 763 985 11113,
787 911 822 972 6:
845 909 981 972 rueiaiia
1004 909 1041 972 de
1063 908 1199 988 dapibus
1220 902 1383 968 hesternis.
1427 903 1472 966 IV

242 1019 270 1093 8,
294 1018 328 1079 3:
351 1011 467 1076 uebuia
490 1011 527 1074 de
544 1011 683 1092 pulvere.
729 1011 754 1074 V
775 1012 823 1089 l7,
848 1014 881 1075 4:
904 1010 941 1074 de
963 1011 1023 1076 ioci
1045 1010 1272 1090 turbarumque
1295 1023 1472 1085 compressu

241 1117 339 1198 deque
366 1115 541 1184 uuraerasis
563 1113 736 1176 luminibus
766 1110 880 1176 iubatis
908 1113 1005 1178 uiuiis
1026 1108 1143 1178 aubeii.
1198 1114 1225 1190 7,
1249 1111 1329 1176 502:
1357 1107 1472 1170 saciura

242 1219 279 1282 de
294 1219 404 1282 Marte
423 1237 530 1300 percus.
577 1217 701 1296 7,103:
723 1216 766 1296 fra
789 1213 928 1280 laeerura
949 1217 986 1280 de
1006 1215 1142 1281 Caesare
1164 1233 1303 1297 repuuru.
1351 1212 1472 1288 7,113;
1494 1259 1497 1262 .

242 1321 352 1384 Nerua
365 1369 371 1383 .
382 1369 402 1384 ..
413 1319 557 1400 adoptiva
573 1319 680 1400 furius
702 1319 740 1381 de
756 1317 892 1382 Caesare
911 1319 1022 1383 uraior.
1068 1322 1095 1398 7,
1110 1319 1188 1384 181:
1212 1315 1327 1380 sirauii
1341 1314 1473 1394 arrepta

242 1424 279 1487 de
300 1428 390 1487 cauie
412 1423 530 1503 lupara.
580 1427 609 1501 2,
634 1426 674 1488 86
698 1425 730 1488 et
753 1425 780 1500 7,
803 1423 884 1488 452;
915 1421 952 1484 de
972 1441 1064 1495 ruore,
1095 1423 1229 1504 denique
1262 1423 1290 1498 2,
1312 1417 1395 1482 454:
1422 1433 1473 1476 res

241 1530 345 1606 erupta
367 1525 445 1590 mibi
467 1529 513 1588 esi
535 1524 573 1588 de
594 1522 750 1604 suueuiue
773 1521 893 1588 Orassi.
1348 1519 1358 1528 ’

326 1631 353 1712 f)
376 1650 432 1713 pro
451 1629 604 1708 genetiuis
623 1631 671 1693 vel
693 1630 850 1712 partitivis
866 1631 914 1694 vel
937 1630 1007 1694 aliis
1029 1634 1066 1694 nt
1088 1629 1134 1692 VI
1149 1628 1178 1706 4,
1196 1627 1239 1691 lo
1258 1643 1358 1688 uuaru
1380 1618 1471 1702 ferui-

241 1751 318 1796 uara
339 1731 377 1796 de
398 1730 563 1811 affectibus
582 1731 651 1793 suis
674 1733 757 1796 oett:
781 1751 861 1814 quae
877 1751 1059 1797 enumerare
1076 1731 1309 1815 supersedimus
1324 1727 1473 1811 quoniam

240 1836 415 1920 praeverbii
433 1833 471 1896 de
492 1855 548 1917 pro
563 1836 712 1918 partitive
729 1837 872 1917 genetivo
894 1837 990 1919 positi
1007 1837 1149 1919 exempla
1166 1833 1227 1900 sid.
1244 1852 1316 1897 oum
1332 1833 1474 1896 veterum
1569 1907 1571 1916 .

241 1959 301 2004 usu
325 1957 453 2022 prorsus
476 1940 662 2019 congruunt.
684 1999 687 2008 ,
707 1957 763 2020 pro
787 1939 856 2002 aliis
872 1943 979 2004 eutem
998 1939 1151 2020 genetiuis
1174 1935 1211 1998 de
1226 1937 1366 2019 positum
1388 1932 1474 1998 vide·

241 2044 295 2106 tur
318 2061 386 2106 esse
409 2061 470 2106 usu
493 2042 533 2105 ad
549 2041 828 2120 Franoogallarum
851 2041 1071 2106 formationem
1090 2040 1227 2122 genetivi
1249 2039 1312 2102 iam
1335 2035 1474 2120 proxime

244 2145 412 2208 accedente
435 2129 601 2220 11113,2;
625 2146 670 2204 esi
692 2141 742 2205 bia
762 2162 876 2224 purpes
890 2143 927 2206 de
949 2141 1108 2206 sutoribus
1125 2139 1320 2221 fabularum,
1343 2138 1381 2201 de
1403 2155 1474 2204 cau-

220 2227 458 2332 eiuuaioribus
487 2245 664 2320 criruiuuur,
699 2245 737 2307 de
766 2246 973 2309 siuisiraruru
1002 2245 1186 2326 apiuiouuur
1216 2241 1473 2323 duplicatoribus.

244 2348 351 2427 7119,
374 2350 424 2413 18:
454 2347 483 2410 si
504 2367 607 2410 aauos
629 2347 732 2426 ipsius
755 2352 972 2427 emupuieurus,
995 2346 1085 2410 babet
1108 2347 1284 2426 efficaciam
1305 2346 1343 2409 de
1365 2346 1473 2408 iuaeu·

242 2454 308 2513 iube
331 2450 389 2533 (=
404 2450 580 2533 iuueuurrr),
603 2449 641 2513 de
656 2454 810 2514 seueriuie
829 2451 1021 2534 (=seuuru)
1045 2449 1217 2514 causibiusri.
1262 2452 1291 2527 7,
1304 2453 1385 2516 589;
1409 2450 1474 2513 iaru

238 2554 336 2632 prius
358 2554 508 2616 iuduerai
529 2552 614 2618 solas
636 2553 673 2616 de
689 2554 839 2638 priucipe
861 2573 964 2620 eurus.
1010 2577 1046 2621 ac
1068 2555 1201 2620 forsitan
1225 2556 1286 2619 huo
1309 2555 1474 2620 referenda

244 2655 363 2720 tuerint
386 2660 527 2740 exempla
549 2677 644 2739 supra
666 2660 730 2724 iam
754 2662 873 2726 adleta:
921 2658 1036 2723 uebuba
1059 2657 1096 2721 de
1112 2656 1254 2739 puluere,
1277 2656 1414 2719 ruaiaiio
1436 2656 1473 2720 de

245 2757 380 2864 dapibus
402 2758 564 2842 besieruis,
600 2779 678 2824 cura
708 2762 745 2825 de
765 2761 889 2839 bitteris,
920 2763 1075 2826 desideria
1095 2760 1132 2824 de
1161 2761 1245 2824 uobis
1274 2765 1348 2827 cett.
1380 2780 1473 2846 saepe

244 2863 328 2926 enirn
353 2863 481 2928 difficile
503 2864 567 2930 fuit
595 2868 634 2931 ed
658 2865 898 2932 discernendum
930 2871 1038 2930 utrum
1061 2867 1123 2930 huo
1146 2885 1184 2928 au
1216 2868 1293 2930 iiiuc
1327 2867 1470 2948 exempla

244 2984 386 3048 quaeque
408 2968 612 3052 pertinerent.

209 3151 211 3154 ι
329 3071 358 3134 4.
402 3091 497 3154 pree
514 3073 652 3137 adverbii
668 3073 736 3136 loco
753 3073 891 3156 positum
913 3071 969 3148 19,
983 3073 1018 3136 7;
1041 3088 1148 3132 mauea
1162 3089 1306 3150 praeque
1322 3068 1473 3132 deuuuiio

244 3170 368 3254 (Claud.
393 3175 487 3238 Mam.
511 3175 565 3238 cfr.
588 3175 799 3254 Eugelbreeht
821 3176 839 3238 l.
863 3176 882 3239 l.
905 3197 934 3260 p.
952 3174 1014 3238 519
1037 3175 1091 3256 qui
1112 3175 1229 3238 ibidem
1253 3174 1290 3239 de
1314 3175 1473 3255 signifiea-

244 3277 329 3341 tione
354 3277 409 3356 [z
432 3296 507 3360 prae
531 3277 687 3353 omnibus,
709 3278 864 3360 inprimis,
887 3277 991 3358 valde]
1015 3273 1186 3359 disseruit).

330 3382 359 3443 5.
381 3400 457 3463 pro
480 3378 512 3461 a)
535 3407 577 3433 =
594 3381 641 3450 ar
663 3400 725 3444 non
749 3380 841 3444 modo
857 3401 929 3445 oum
951 3382 1053 3446 verbis
1076 3381 1208 3463 putendi
1229 3382 1267 3443 ut
1290 3379 1350 3444 Vrr
1365 3382 1393 3456 9,
1419 3380 1473 3443 12:

244 3478 342 3542 sobam
365 3480 531 3545 clericatus
553 3481 799 3546 diuiuruiiaieru
823 3501 887 3562 pro
908 3482 1031 3544 meritis
1052 3485 1223 3546 auiuruaui
1255 3478 1475 3542 aabeuiaadaur

245 3584 301 3648 sed
325 3585 421 3648 etiarn
444 3605 514 3649 oum
538 3587 606 3650 eliis
630 3588 813 3672 saepissime
837 3588 1050 3652 coniunctum.

330 3683 365 3768 b)
389 3688 421 3750 in
450 3707 561 3752 caussa
592 3689 761 3755 indicenda
790 3695 828 3756 ut
859 3693 926 3769 12,
949 3690 985 3754 4:
1016 3709 1079 3770 pro
1114 3687 1336 3752 musaeiudiue
1365 3686 1476 3768 potius

244 3809 340 3870 quara
356 3808 420 3868 pra
442 3788 574 3852 ruiioue.
620 3793 663 3856 VI
680 3796 729 3870 12,
746 3797 781 3858 6:
803 3793 839 3856 iu
861 3793 981 3856 caeiuru
1003 3792 1124 3856 relatus
1145 3810 1204 3871 pro
1226 3795 1352 3871 reperta
1374 3790 1476 3871 spica-

243 3912 317 3954 ruur
337 3891 483 3956 uouiiaie.
529 3893 590 3957 VII
605 3897 634 3967 2,
651 3897 686 3958 8:
704 3915 766 3974 pro
788 3895 995 3976 hyperbolicis
1018 3893 1238 3960 iustrumeuiis
1260 3893 1358 3974 caepit
1379 3894 1476 3957 actio-

245 4013 315 4057 ueru
337 3995 586 4076 repetundarum
600 4015 782 4078 proponere.
823 4001 925 4078 7114,
942 3999 978 4063 1:
1000 3999 1127 4081 seprius
1149 3999 1272 4061 dourura
1292 4017 1351 4080 pra
1372 4000 1477 4063 ruuui-

244 4097 390 4178 piceuiiae
404 4102 526 4162 uestrae
547 4099 634 4179 fasae
649 4100 807 4164 remeauit.
853 4103 903 4180 22,
921 4103 997 4168 196:
1020 4122 1084 4166 uou
1098 4100 1168 4164 ulia
1185 4101 1286 4184 erupis
1301 4093 1420 4165 uurus.
1431 4152 1438 4165 .
1450 4150 1475 4166 ..

244 4197 383 4262 illustris
403 4221 461 4283 pra
490 4205 573 4265 sarie
594 4201 667 4266 uiri.
721 4207 875 4282 23,153:
904 4224 963 4286 pro
993 4204 1118 4286 iupeuio
1147 4204 1266 4282 fiueuie
1288 4211 1363 4272 cett.
1407 4208 1475 4286 (cfr.

186 4316 195 4335 ‘
245 4303 357 4368 Gblzer
380 4325 409 4388 p.
434 4305 518 4390 343).
571 4327 707 4389 quoeum
729 4327 789 4373 usu
819 4309 993 4374 arctissime
1026 4311 1173 4375 cohaeret
1195 4311 1288 4374 huius
1318 4313 1477 4393 praeposi·

245 4407 341 4473 tionis
364 4427 437 4472 oum
459 4411 561 4473 verbis
592 4413 624 4474 et
653 4413 833 4476 nominibus
857 4411 1025 4478 effectuum
1050 4413 1229 4477 coniunctio
1260 4416 1297 4477 nt
1328 4414 1476 4476 erube·

1306 4534 1321 4586 5
