3496 4924
830 379 891 440 103

249 565 350 640 10,1:
374 560 403 624 'si
419 561 556 641 pudoris
576 561 680 624 uo'stri
701 565 867 643 utcumque
888 561 1015 643 fecisses
1029 563 1191 648 ratiauem',
1215 569 1244 628 te
1259 565 1394 648 capitare
1412 589 1478 647 par

245 665 363 744 suerat,
385 665 460 748 quin
483 666 581 729 etiam
603 669 635 729 et
654 667 688 729 in
707 668 829 749 protasi
852 669 884 732 et
906 667 938 730 in
962 669 1163 755 1110101123,
1187 670 1267 734 169:
1290 671 1326 732 si*
1342 667 1477 736 Causea-

247 767 311 830 tius
333 767 440 846 affuit,
465 765 624 830 latebant:
647 769 688 833 de-
708 769 769 850 qna
791 789 852 834 usu
876 789 923 854 ap.
941 771 1003 836 aie.
1027 768 1224 854 sumpturus,
1248 795 1404 857 nusquam
1421 779 1476 860 ap,

244 871 342 949 Caes,
366 873 463 936 semel
486 891 533 954 ap.
550 871 708 955 Sall.,.ap.
728 872 794 936 Lis.
810 871 882 938 Tac.
907 874 983 938 alias
1006 875 1171 941 historicos
1194 895 1287 960 saepe
1310 879 1399 943 obvio
1423 880 1476 945 etr.

247 963 360 1054 Draeg.
381 975 412 1038 II
436 973 497 1037 725
521 995 587 1057 sqq.
606 1001 625 1011 ‘¹
755 977 757 980 ’

262 1095 267 1100 ·
333 1077 613 1143 Coniunctivus
637 1082 744 1143 autem
759 1078 918 1144 invenitur
939 1081 1074 1146 maxime
1097 1082 1129 1145 in
1150 1084 1322 1148 enuntiatis
1338 1087 1477 1152 1111111111

246 1181 474 1265 temporalibus
484 1182 749 1248 condiniunalibus
758 1183 870 1264 quibus
880 1184 1067 1267 compluries
1077 1175 1214 1268 quidque
1223 1188 1418 1254 factumesse
1429 1191 1478 1255 vel
1581 1197 1584 1218 '

245 1284 311 1347 fieri
324 1283 440 1348 dicitur
449 1283 499 1366 (ex
509 1305 593 1350 more
604 1284 729 1367 graeca)
743 1290 779 1350 ut
794 1285 849 1364 I2,
859 1285 913 1350 10:
925 1304 970 1348 cu
979 1307 1010 1348 ru
1028 1288 1206 1350 surrexerit
1221 1287 1477 1374 (Theodericus),

245 1381 370 1447 iaccbat
392 1373 568 1449 uecturuas
590 1385 698 1449 aulica
719 1404 800 1467 paca
832 1387 990 1450 custodias
1019 1388 1076 1474 (=
1099 1393 1174 1455 ὅταν
1198 1391 1342 1476 ἀναστῇ).
1389 1395 1419 1459 II
1448 1397 1476 1474 2,

239 1489 300 1552 ’101
329 1487 383 1550 ubi
407 1535 431 1550 ..
454 1489 617 1551 autricum
639 1487 881 1568 laquacissiruus
903 1490 1176 1572 cbcrusrcceptui
1197 1494 1284 1558 cauit
1310 1515 1398 1560 curu
1425 1507 1478 1579 epa

246 1588 367 1670 aeuus
394 1589 613 1654 dormitorium
636 1590 810 1655 cubiculum
833 1593 1023 1672 petierimus
1056 1597 1144 1682 (ὅταν
1166 1597 1385 1682 εἰσέλθωμεν).
1430 1603 1478 1666 III

246 1692 296 1769 13,
313 1692 351 1756 4:
372 1710 456 1754 auur
471 1691 671 1769 disucbuerit,
686 1692 793 1775 fertur
807 1699 948 1759 actutum
963 1695 999 1760 iu
1015 1698 1152 1777 rapiuas
1170 1701 1259 1784 (ὅταν
1274 1702 1475 1788 κατακλιθῇ).

246 1777 278 1859 II
301 1795 332 1873 9,
356 1795 392 1858 9:
414 1807 475 1875 quc
498 1795 643 1878 (uetere)
657 1801 786 1876 prout
808 1797 951 1862 libuisset
972 1799 1073 1880 effuso
1090 1811 1130 1867 .'..
1146 1802 1366 1884 iuperebauiur
1388 1806 1475 1890 (ibid.

244 1897 262 1974 ξ
285 1898 322 1960 6:
357 1897 474 1960 studiis
494 1896 578 1961 bisce
608 1897 682 1962 dura
704 1903 847 1964 uostruru
875 1902 996 1985 siupuli
1010 1904 1133 1986 ¹quique
1156 1911 1277 1985 prout
1305 1907 1479 1974 libuerat

243 1997 503 2082 occupabantur).
536 2000 598 2066 VII
611 2003 640 2081 2,
652 2001 689 2066 4:
713 2023 805 2084 apere
818 2003 886 2084 (inf.
899 2004 989 2089 hist.)
1003 2023 1073 2070 curu
1083 2007 1220 2090 stuputis
1232 2016 1348 2092 prout
1362 2015 1478 2077 aetatis

242 2099 326 2162 ratic
334 2101 542 2180 permitteret.
578 2103 620 2167 IV
633 2107 683 2181 11,
693 2107 727 2170 3:
741 2126 1001 2190 quaecuuque
1012 2109 1150 2174 diruisset
1159 2113 1191 2196 (ἃ
1204 2111 1297 2195 εἴποι)
1312 2165 1331 2178 ..
1344 2117 1478 2200 accipie-

243 2202 361 2266 bamus.
407 2203 502 2284 Vll,
525 2206 559 2268 5:
582 2203 726 2284 fabulari
747 2207 869 2287 referre
887 2210 1016 2291 dipuaru
1037 2212 1142 2277 relatu
1164 2216 1295 2298 quisque
1310 2221 1476 2298 patuisset,

243 2304 434 2369 audiebatur
474 2308 529 2390 (=
552 2309 635 2378 ὅστις
658 2307 836 2394 δυνηθείη).
889 2314 967 2377 VIII
991 2317 1039 2394 11,
1065 2316 1120 2380 13:
1154 2319 1286 2400 quisque
1309 2342 1477 2400 praesuu-

237 2408 357 2487 pserit,
386 2429 494 2472 uereor
517 2413 673 2496 ..(ὅστις
702 2416 741 2478 ἂν
770 2412 939 2500 τολμήσῃ).
991 2419 1092 2496 1113,
1118 2421 1173 2484 10:
1207 2442 1287 2502 quas
1317 2425 1478 2492 doruoruru

243 2511 421 2592 nequiverit
447 2512 603 2596 impetere,
635 2563 667 2577 ..
700 2516 867 2599 iupupuat
901 2518 952 2604 (ac
974 2523 1014 2585 ἂν
1036 2523 1137 2593 οἰκίας
1158 2525 1204 2608 μὴ
1229 2526 1381 2613 δυνηθῇ).
1433 2533 1478 2596 lV

185 2610 187 2614 ’
244 2611 293 2691 14,
316 2618 352 2678 3:
387 2615 442 2696 qui
459 2617 598 2695 propria
624 2639 688 2683 uau
710 2621 847 2683 tacuerit
866 2619 1002 2704 slepitia
1031 2623 1214 2707 damnatur,
1244 2629 1300 2710 qui
1322 2680 1352 2696 ..
1375 2632 1477 2712 fucrit

243 2713 412 2795 coufessus
435 2716 607 2785 absolvitur
644 2723 739 2807 (ὅστις
762 2727 800 2792 ἂν
823 2727 970 2811 σιωπήσῃ
1060 2729 1145 2826 ὅστις
1167 2734 1206 2796 ἂν
1222 2783 1245 2796 ..
1264 2735 1474 2822 ὁμολογήσῃ).

245 2817 318 2895 Vl,
342 2818 378 2883 1:
402 2819 482 2882 satis
503 2820 617 2883 erutuet
637 2823 759 2885 ueritis
781 2824 903 2905 iupeuii
913 2830 1043 2908 proprii
1057 2831 1114 2910 qui
1134 2831 1236 2914 fuerit
1249 2836 1361 2914 fautor
1371 2839 1476 2903 ¹alicui

248 2920 344 3004 (ὅστις-
366 2925 405 2986 dr
427 2971 451 2986 ..
475 2921 624 3008 γένηται).
678 2927 753 2990 VIII
778 2927 827 3006 13,
852 2932 887 2992 4:
915 2929 945 2991 is
971 2931 1188 3012 efficacissime
1216 2949 1367 3020 quemque
1397 2960 1475 3006 caru·

242 3023 370 3086 111σά11
392 3025 448 3104 qui
469 3046 574 3089 rueras
595 3047 709 3091 causas
737 3029 841 3118 iustae
863 3033 1140 3098 caurueudatiouis
1161 3041 1332 3118 aperuerit.
1383 3045 1416 3108 II
1446 3047 1474 3128 2,

243 3103 281 3188 b:
306 3125 520 3203 palaestritae
550 3147 683 3209 quorum
713 3131 809 3195 etiaur
829 3133 992 3200 circutum
1010 3136 1112 3201 luctas
1142 3140 1171 3202 si
1192 3141 1397 3210 iureluautur
1425 3149 1474 3214 ab·

242 3225 366 3290 saeuius
388 3232 481 3292 casta
506 3230 668 3310 confestim
696 3235 1025 3315 ppmuasiarcbbruru
1039 3242 1130 3323 rirpa
1161 3243 1304 3310 dissuluit
1335 3243 1402 3335 (liar
1425 3257 1474 3319 vel

243 3330 318 3395 ὅταν
347 3322 595 3416 basilicarius),
642 3336 688 3410 IV
704 3327 741 3415 ’3,
763 3341 798 3403 9:
831 3360 908 3421 equo
937 3343 1086 3421 frerucuti
1117 3346 1147 3408 si
1174 3347 1259 3412 iuter
1289 3355 1398 3433 tesqua
1426 3356 1474 3431 ael

244 3431 396 3512 coufrapa
419 3438 565 3500 teueatur
587 3437 744 3520 iutellcpis
765 3461 830 3505 uau
853 3445 917 3506 tara
940 3463 1066 3509 cursura
1088 3449 1192 3513 deesse
1212 3472 1308 3535 quara
1330 3475 1473 3540 carupuru

248 3531 335 3613 (brar
359 3534 623 3623 ἕγκαθείργησσι).
668 3543 713 3606 IV
735 3544 785 3622 22,
809 3545 842 3608 6:
876 3547 931 3610 sed
951 3551 1026 3612 tuuc
1047 3549 1111 3614 ista
1130 3554 1329 3634 praacuiuut,
1353 3559 1474 3626 clericis

243 3630 272 3694 si
293 3631 420 3717 aliquid
441 3637 576 3702 dictetur
597 3646 796 3710 auctoribus:
824 3649 880 3730 qui
901 3651 930 3713 si
952 3652 1030 3732 quid
1051 3653 1234 3738 simpliciter
1256 3659 1393 3739 edanum,
1422 3665 1472 3729 iu-

242 3736 325 3812 saui,
348 3737 378 3801 si
398 3738 477 3819 quid
497 3748 612 3823 eaactc,
633 3752 878 3834 praesumptiosi·
898 3773 1045 3819 pacamur
1067 3759 1134 3842 (ἐάν
1155 3784 1182 3824 τι
1205 3765 1422 3850 ξυγγράφηται
1445 3820 1472 3836 ..

242 3838 298 3902 ἐάν
320 3864 347 3904 τι
371 3842 590 3928 ὁισδιὸῶμεν).
629 3850 706 3914 VIII
724 3855 772 3930 10,
789 3857 823 3919 3:
851 3875 986 3938 mapuus
1007 3864 1114 3926 orator
1135 3862 1165 3926 si
1186 3865 1342 3945 uepctiuru
1363 3888 1473 3952 appre-

242 3940 354 4005 diatur
383 3950 563 4027 aupusturu,
595 3953 671 4014 tuuc
696 3955 838 4038 eruptura
864 3957 1070 4040 plausibilius
1096 3965 1283 4046 ruuuifcstat
1309 3969 1472 4052 iupeuiuur

246 4045 314 4128 (ἐὰν
336 4049 385 4112 vel
408 4050 483 4114 baar
505 4051 671 4138 ἐπιχειρῇ).
716 4059 760 4121 IX
784 4059 833 4137 11,
857 4063 876 4126 9
900 4083 936 4128 aa
958 4067 1092 4132 maxime
1115 4069 1162 4133 III
1185 4070 1234 4136 13.

328 4149 388 4215 Sed
410 4153 444 4217 in
467 4155 512 4219 eis
543 4175 667 4239 quaque
695 4164 867 4229 enuntiatis
890 4166 1157 4236 condicionalibus
1188 4192 1207 4238 a
1237 4177 1351 4258 quibus
1374 4180 1470 4246 Itera-

241 4251 337 4314 ttonIs
359 4259 518 4322 sententia
534 4279 662 4342 prorsus
678 4264 860 4331 abhorrete
877 4267 940 4333 Sid.
955 4272 1192 4340 coniunctivum
1214 4279 1318 4345 studio
1333 4284 1470 4364 quodam

242 4355 274 4414 eb
301 4371 406 4419 amore
435 4361 575 4439 positum
605 4364 883 4434 animadvertimus
914 4375 951 4437 ut
978 4374 1024 4438 IV
1046 4377 1074 4452 3,
1098 4375 1130 4441 7:
1165 4377 1230 4442 iaru
1251 4381 1281 4442 si
1302 4383 1347 4445 ad
1366 4403 1469 4448 sacro-
1577 4453 1578 4456 ,

241 4457 364 4517 sauctos
385 4461 494 4538 putres
513 4481 572 4544 pro
594 4468 825 4549 comparaticue
848 4472 1003 4552 nubatur,
1027 4477 1160 4544 iustruit
1185 4485 1223 4546 ut
1244 4483 1468 4568 Hicrcupurus.
