3496 4924
836 310 876 374 79

239 521 430 584 quamquam
451 501 517 565 stat
537 519 684 564 maxume
704 497 791 579 falsa
813 497 941 578 ideoque
965 487 1113 574 fallentia
1136 496 1192 582 (se.
1209 500 1414 581 astrologica)
1437 503 1470 564 et

240 609 430 691 saepissime.
469 625 549 689 quae
572 607 733 669 structura
757 605 893 685 exceptis
916 603 1077 668 nonnullis
1100 604 1176 666 locis
1191 603 1384 680 Horatianis,
1407 623 1470 668 uno

240 711 429 792 Vergiliano,
456 729 519 773 uno
541 706 739 772 Varroniano
761 725 780 769 a
802 709 879 770 velt.
925 705 1028 770 aliena
1050 725 1098 787 ap.
1121 706 1186 768 Lis.
1212 709 1243 770 et
1264 707 1399 771 maxime
1423 726 1470 790 ap.

240 815 310 877 Tac.
342 814 573 877 increbrescere
604 811 715 892 eoepil.
760 809 873 890 quibus
903 811 1009 872 autern
1040 809 1116 872 looIs
1143 810 1221 872 'olirn
1253 810 1470 874 coniunctivus

241 917 345 980 extitit
367 914 588 990 Ciceronianis
620 914 664 978 eis
693 913 758 975 iam
787 914 931 976 mutatus
963 915 1020 976 est
1066 915 1207 976 ceterum
1230 912 1324 975 indic.
1347 932 1471 994 quoque
1574 967 1576 974 .

241 1038 288 1101 ap.
313 1019 376 1082 sid.
399 1038 463 1082 non
486 1036 558 1081 raro
580 1016 749 1079 invenitur.
1515 1011 1517 1018 '

327 1123 504 1203 quamvis
528 1139 552 1183 c.
566 1119 658 1182 indic.
676 1117 726 1192 22,
744 1113 823 1179 111:
846 1118 912 1178 tum
933 1114 1046 1194 recipit
1067 1113 1192 1178 laticem
1206 1117 1350 1195 quamvis
1365 1117 1471 1183 miucr

241 1221 295 1285 ille
316 1222 468 1286 mimeram
489 1219 662 1301 Stuquaati
684 1218 721 1282 de
742 1218 848 1297 fratre
867 1237 959 1280 suum
982 1218 1110 1300 (Draeg.
1135 1219 1165 1281 lI
1189 1219 1275 1302 7119).

328 1331 539 1408 quatenus
568 1322 600 1407 a)
628 1351 671 1378 =
700 1321 848 1401 quomodo
875 1343 902 1387 e.
927 1321 968 1385 14
995 1341 1041 1404 ep.
1066 1321 1083 1402 ἕ
1108 1321 1144 1384 1:
1176 1320 1251 1384 dum
1354 1344 1472 1388 meeum

239 1428 405 1510 praeditae
427 1430 538 1506 reputo
560 1425 715 1507 quatinus
803 1427 973 1486 cauterem.

326 1531 361 1614 b)
383 1557 427 1585 =
448 1533 484 1592 ut
507 1531 555 1594 ΙΙΙ
579 1531 608 1607 7,
631 1533 672 1592 2ε
709 1529 858 1589 memerato
880 1525 1036 1588 elatorum
1059 1545 1176 1588 mamus
1191 1546 1332 1608 pravare
1354 1529 1473 1594 obortis

242 1637 399 1715 quatemus
429 1633 601 1695 amicorum
634 1649 713 1704 eura
744 1628 910 1696 relevetur.
960 1628 1016 1690 Vll
1047 1629 1076 1704 6,
1108 1627 1163 1692 1οε
1200 1629 1284 1710 aqite
1316 1637 1473 1712 quatemus

242 1735 319 1799 baec
340 1735 383 1798 sit
404 1733 565 1798 amicitiae
587 1732 753 1796 ebumrdia
765 1729 1004 1813 principaliter.
1049 1732 1123 1796 VIII
1150 1731 1199 1810 11,
1216 1733 1250 1795 4:
1273 1734 1475 1800 adstruebatur

242 1837 373 1900 meliora
401 1841 560 1919 quatemus
583 1837 620 1900 iu
644 1839 770 1915 pectore
798 1833 862 1896 uiri
890 1827 1062 1896 i‘raeuudia
1096 1833 1306 1898 materialiter
1335 1858 1475 1919 requaus

242 1987 267 2003 ..
282 1991 289 2003 .
304 1943 479 2020 praetextu
500 1938 608 2002 saltim
629 1937 807 2000 seueritatis
829 1935 1069 2000 emacularetur.
1108 1937 1184 2002 VIII
1208 1937 1256 2016 15,
1279 1940 1314 2002 2:
1347 1939 1476 2005 dabitur

237 2043 387 2124 precatui
422 2046 452 2106 et
483 2042 605 2105 meritis
632 2040 788 2104 antistitis
817 2039 931 2102 summi
960 2044 1117 2120 quatemus
1218 2043 1389 2119 praecoma
1417 2064 1474 2108 suo

243 2146 438 2226 fameulemur
468 2144 536 2228 (cfr.
559 2147 686 2210 Rbnsch
714 2165 742 2228 p.
767 2143 850 2223 401).
896 2144 987 2208 simil.
1011 2148 1211 2225 quantum
1242 2171 1285 2198 =
1313 2149 1350 2208 ut
1373 2146 1399 2209 V
1424 2147 1473 2226 17,

242 2250 279 2313 6:
302 2247 435 2311 lusimus
457 2247 582 2310 abunde
602 2250 757 2328 quamtum
778 2245 914 2308 membra
945 2248 1068 2324 torpore
1090 2245 1221 2308 statarii
1242 2245 1360 2311 laboris
1388 2248 1474 2313 bebe-

243 2355 312 2414 tata
401 2354 630 2433 repeterentur.
675 2354 833 2415 eatenus
857 2353 897 2413 ut
912 2376 954 2402 ==
968 2368 1002 2411 ec
1024 2347 1152 2410 masilia
1174 2351 1211 2410 ut
1226 2351 1269 2414 Vl
1285 2354 1315 2428 3,
1332 2352 1368 2414 2;
1391 2351 1475 2415 buac

243 2459 374 2518 eutcuus
395 2453 609 2518 commendare
625 2471 797 2533 praesumo
818 2455 865 2526 ut,
895 2451 924 2512 si
955 2470 1033 2513 eum
1046 2450 1205 2514 iustruere
1228 2451 1397 2533 diquaater
1419 2455 1474 2518 ud-

244 2559 362 2622 coeatle
388 2556 531 2621 cousulta
560 2555 701 2638 fastidit,
735 2554 910 2618 auctoritas
942 2572 1074 2617 ccroaae
1100 2557 1174 2617 tuae
1201 2554 1475 2622 dissimulantibus

246 2659 370 2722 studeat
389 2659 540 2722 eaeudere
554 2660 697 2739 respousi
713 2657 909 2721 celeritatem.
941 2661 1119 2723 eatenus
1143 2661 1242 2741 quod
1256 2686 1297 2712 =
1303 2665 1475 2741 propterea

246 2761 329 2840 quod
349 2784 374 2827 c.
399 2763 440 2826 22
464 2783 509 2846 ep,
533 2765 551 2844 ξ
575 2764 609 2826 6;
646 2781 773 2824 carmem
866 2760 1027 2843 proliaius
1049 2765 1180 2824 eatenus
1209 2761 1293 2841 quod
1319 2764 1474 2846 epiqram-

244 2865 340 2927 matis
362 2865 527 2928 eaeessera't
548 2865 756 2946 paucitatem.
1364 2855 1367 2860 ’

286 2955 288 2962 ’
330 2990 404 3052 que
427 2971 459 3052 a)
484 2971 668 3034 adiunctum
684 2969 844 3033 vocabulis
859 2969 892 3032 in
908 2985 923 3028 e
938 2968 1155 3031 desinentibus
1177 2969 1309 3050 aliisque
1326 2971 1474 3051 aquibus

246 3075 328 3156 apud
358 3076 456 3138 bonos
488 3074 656 3152 scriptores
687 3074 851 3138 abhorruit
880 3074 917 3136 ut
944 3069 957 3132 l
986 3071 1015 3148 2,
1043 3070 1086 3132 4..
1105 3069 1147 3134 lV
1171 3069 1221 3148 21,
1246 3074 1274 3135 6.
1305 3073 1474 3150 V112‚5:

244 3174 356 3254 sicque.
386 3175 435 3239 VI
456 3175 485 3251 4,
509 3175 545 3239 l:
568 3175 707 3254 isticque.
741 3174 883 3256 v17,1:
906 3193 1140 3254 numquamque
1163 3174 1474 3260 (bruciacus).

245 3275 388 3358 uibilque
409 3279 454 3342 IV
478 3279 528 3356 25,
552 3279 580 3342 3.

330 3382 364 3465 b)
388 3402 571 3465 que-que
594 3409 636 3434 =
658 3384 733 3444 et-et
754 3385 792 3446 ut
814 3381 858 3444 IV
872 3382 921 3460 18,
945 3385 980 3444 2:
1003 3384 1099 3460 tuque
1119 3381 1284 3462 fraterque
1306 3383 1476 3445 eommunis

246 3485 404 3566 (similiter
428 3487 502 3550 Sall.
526 3490 558 3551 et
582 3485 654 3550 Tac.
677 3486 795 3550 voculis
818 3503 1002 3564 queque
1025 3487 1168 3560 utuntur,
1191 3486 1245 3548 ubi
1266 3485 1354 3567 prius
1376 3503 1475 3549 mem-

247 3588 338 3651 brum
370 3607 542 3671 pronomen
570 3587 643 3671 est).
689 3589 749 3653 Vll
771 3588 801 3666 9,
828 3588 864 3652 b:
903 3587 999 3666 deque
1027 3604 1190 3667 coramque
1222 3585 1476 3668 metrepolitauo:

244 3697 409 3772 praeterea
431 3711 522 3776 saepe
545 3693 577 3756 in
601 3711 728 3756 earmm.
752 3711 850 3773 aeque
874 3693 967 3772 atquc
991 3709 1039 3772 ap.
1062 3691 1137 3754 velt.
1160 3693 1258 3773 poeti.

331 3796 473 3878 quippe
503 3797 587 3860 idem
617 3814 716 3878 paene
747 3813 817 3860 esse
846 3795 968 3858 videtur
999 3795 1081 3876 quod
1104 3793 1296 3872 praesertim
1317 3793 1362 3856 IV
1385 3795 1413 3871 3,
1437 3793 1474 3858 1:

238 3899 371 3974 praeter
401 3916 537 3977 aequum
564 3897 628 3960 ista
662 3895 814 3958 camiectas
846 3896 875 3957 si
902 3916 994 3958 reare
1020 3895 1203 3959 mortalium
1234 3895 1474 3978 quempiam

244 4018 308 4062 aaa
333 4020 454 4079 parere
485 4019 554 4063 eum
583 3999 619 4062 iu
646 4019 779 4061 eaumea
809 3999 940 4061 aurium
970 4001 1099 4060 tuarum
1122 3997 1238 4077 quippe
1259 3998 1397 4076 scriptus
1418 3999 1475 4062 acl-

244 4101 381 4166 dueitur.
427 4102 502 4166 Vlll
523 4104 551 4182 6,
567 4104 602 4167 2;
626 4103 759 4181 iusuper
771 4101 967 4182 praedicares
982 4101 1065 4180 quod
1080 4098 1239 4181 plurimes
1262 4101 1409 4165 iuuenum

243 4205 333 4268 caric
353 4225 466 4287 periere
487 4204 630 4269 dictaudi
726 4205 843 4286 quippe
864 4202 967 4267 adbuc
989 4222 1063 4267 aeuo
1084 4203 1199 4266 uiridis
1284 4204 1344 4267 sim
1365 4224 1475 4285 super-

241 4327 375 4388 qressua
412 4311 460 4373 III
486 4309 515 4388 1,
538 4310 573 4373 4:
602 4309 718 4392 quippe
740 4309 769 4370 si
790 4311 895 4371 uestra
917 4307 1022 4371 erebro
1042 4306 1125 4370 illud
1140 4307 1328 4387 praeseutia
1348 4308 1475 4372 invisat.

243 4411 289 4476 IX
312 4412 341 4493 7,
365 4415 398 4476 3:
435 4411 551 4494 quippe
577 4413 605 4474 si
638 4411 722 4476 nibil
755 4432 825 4475 eum
856 4411 981 4475 riumsis
1014 4410 1149 4474 obicibus
1184 4415 1344 4495 exceptum
1378 4415 1475 4475 teuaa
