3496 4924
843 320 884 384 73

247 509 484 593 Η111011)111011;
493 507 626 588 denique
639 506 712 588 sript
726 506 819 572 einen
832 506 962 571 cmeiteu
976 503 1130 571 Umstand
1140 504 1360 588 belrrdftipend
1369 503 1476 569 binru.

247 617 310 680 imo
333 614 424 679 nobis
446 611 579 692 denique
601 613 685 676 idem
709 613 811 678 valere
834 629 1064 695 nonuunquam
1088 629 1135 694 ap.
1151 609 1215 675 sid.
1234 610 1360 676 videtur
1382 611 1477 693 etque

248 717 357 796 itaque
370 717 419 780 vel
434 715 533 796 ipitur
544 716 592 778 vel
602 714 817 795 quamobrem:
832 733 865 778 so
877 711 1026 778 mundere
1037 711 1087 775 icb
1102 709 1183 775 micb
1195 711 1280 775 dcun
1290 711 1386 786 mehr,
1403 711 1478 776 dass

248 818 304 883 der
317 819 424 882 Manu
438 816 525 880 uicbt
540 815 634 882 sebon
648 816 766 882 eiumal
780 815 901 898 rufalle
914 816 1100 899 pelcommen.
1134 813 1170 880 II
1184 815 1232 894 12,
1246 817 1281 879 21
1304 813 1477 878 &seriana

248 919 425 985 sollicitudo
447 920 650 1003 amnmlsr)
742 919 882 1000 febribus
904 920 969 983 iam
987 919 1148 1002 fatipalur
1168 918 1278 999 bisque
1298 937 1356 1000 per
1375 920 1478 980 noctes

247 1023 552 1106 inprooesoentibus:
569 1027 702 1103 propter
723 1023 807 1104 quod
827 1027 915 1103 optat
936 1024 1024 1087 euire
1048 1024 1082 1085 iu
1096 1022 1332 1096 suburbanum;
1353 1020 1478 1084 litteras

248 1131 323 1190 tuas
348 1127 482 1208 denique
511 1145 580 1190 cum
605 1146 805 1203 sumeremus,
835 1126 941 1209 epredi
1033 1127 1099 1190 iam
1119 1125 1331 1209 parabamus:
1362 1123 1478 1187 darum

248 1233 388 1294 riisteteu
410 1230 471 1293 mir
491 1249 554 1292 uns
575 1228 676 1307 sebon,
700 1229 750 1294 als
771 1229 846 1294 dein
867 1229 972 1309 Brief
988 1229 1119 1310 cintraf.
1159 1229 1204 1294 IV
1221 1229 1270 1305 10,
1294 1227 1326 1291 l:
1342 1229 1478 1310 propter

249 1332 304 1396 boc
332 1333 464 1414 denique
492 1333 560 1396 iam
586 1333 642 1397 diu
674 1337 759 1397 tacco
788 1353 899 1414 uosque
930 1332 1138 1396 tacuisse
1164 1331 1277 1414 accepi.
1319 1329 1362 1395 lv
1385 1331 1417 1408 3,
1439 1331 1476 1394 3:

248 1435 381 1516 denique
402 1439 432 1500 et
453 1436 611 1517 quondam
640 1435 716 1499 baec
744 1436 935 1519 principalis
960 1434 1117 1516 facundia
1139 1433 1387 1513 computabatur.
1431 1432 1477 1496 lX

250 1539 298 1617 13,
315 1539 347 1602 2:
375 1538 510 1620 1101110110
525 1539 676 1618 probabis
697 1540 781 1603 circa
802 1559 860 1604 nos
876 1539 1023 1620 plurima
1046 1557 1085 1602 ea
1104 1541 1198 1620 parte
1218 1539 1386 1600 metrorum
1410 1538 1476 1598 stu-

242 1641 305 1726 dia
326 1640 527 1723 refripescere
549 1642 617 1724 (cfr.
642 1641 780 1726 Georg.).

336 1747 402 1810 diu
424 1747 606 1828 saepissime
628 1748 799 1812 iuvenitur:
836 1748 891 1811 sed
914 1745 1040 1827 lonpum
1058 1765 1183 1830 quoque
1206 1747 1293 1809 extet
1316 1747 1353 1808 ut
1373 1740 1423 1804 lll
1447 1741 1477 1819 7,

251 1847 285 1911 l:
308 1845 434 1929 loupum
455 1867 477 1910 a
494 1847 611 1911 litteris
624 1841 817 1932 temperatis.
853 1847 902 1913 lX
913 1851 942 1928 3,
958 1850 978 1913 6
1001 1852 1034 1914 01
1055 1845 1103 1910 IX
1120 1848 1150 1926 9,
1168 1848 1203 1912 l:
1225 1845 1352 1929 loupum
1367 1849 1476 1908 lacere.

212 2001 214 2008 ,
248 1947 298 2012 III
320 1951 349 2026 2,
373 1951 409 2015 4:
436 1951 562 2033 pratiae
666 1951 793 2034 lonpum
819 1952 876 2017 libi
902 1951 1127 2016 redhibeantur
1148 1969 1244 2031 quam
1265 1945 1477 2030 fundamenta

184 2066 188 2074 ’
249 2057 314 2116 lam
343 2051 492 2117 culmina.
538 2055 569 2119 ll
600 2056 650 2133 13,
675 2059 711 2120 5:
747 2075 811 2120 non
839 2076 903 2120 uno
932 2053 1057 2137 loupius
1083 2053 1222 2137 prandio
1256 2058 1350 2136 etque
1380 2053 1476 2117 etiem

248 2155 338 2238 leupo
371 2159 506 2239 tempore
532 2157 615 2237 116,
644 2159 662 2223 1
695 2165 727 2226 01
755 2160 804 2238 16,
834 2162 874 2225 65
909 2153 1120 2242 (Freuccgall.
1151 2156 1348 2238 lonptemps):
1381 2175 1477 2238 quem

248 2260 441 2326 locutionem
463 2259 553 2342 leupo
575 2265 709 2341 tempore
732 2264 814 2347 apud
839 2265 1028 2328 Anthimum
1050 2265 1082 2326 et
1105 2261 1187 2327 Cael.
1210 2261 1317 2324 Aurel.
1343 2279 1397 2342 pro
1420 2257 1477 2321 diu

249 2382 329 2445 quse
353 2383 418 2428 -vcx
450 2357 533 2447 apud
566 2385 619 2430 ecs
650 2368 776 2430 omnino
807 2385 869 2430 non
895 2368 1073 2430 inveniatur
1103 2383 1225 2446 semper
1247 2364 1309 2446 legi
1334 2361 1476 2427 Wclffiin

248 2467 270 2530 l.
293 2469 312 2531 l.
335 2488 364 2550 p.
387 2469 426 2532 67
454 2469 555 2532 docet.

335 2572 426 2635 dum
449 2591 475 2635 0.
500 2573 655 2637 coniuret.
684 2593 741 2656 pro
771 2591 842 2635 cum
869 2573 914 2636 IV
938 2572 987 2651 11,
1011 2572 1049 2636 7:
1084 2570 1159 2634 dum
1187 2570 1270 2652 sorte
1296 2568 1476 2644 meditarer,

251 2668 391 2734 lacrimis
413 2671 691 2747 babeuaslanaoi.
737 2677 780 2740 lV
804 2676 852 2754 14,
877 2677 894 2740 1
926 2697 987 2758 quo
1012 2679 1080 2742 loco
1103 2677 1204 2742 Taciti
1227 2675 1322 2740 verbe
1345 2693 1381 2738 cx
1403 2674 1476 2737 hist.

252 2771 277 2834 V
301 2775 342 2838 26
364 2779 497 2858 repetita
520 2779 649 2843 liberius
671 2780 841 2844 laudentur
863 2783 948 2846 huno
969 2783 1003 2844 in
1025 2781 1170 2845 modum:
1197 2795 1266 2840 cum
1285 2776 1477 2856 Vespasiano

250 2875 329 2940 mibi
351 2882 440 2942 cetus
461 2881 614 2957 amititia,
637 2884 667 2944 et
686 2881 761 2944 dum
777 2883 863 2961 (Tac.
887 2883 987 2964 cum)
1008 2882 1156 2964 priuatus
1171 2885 1257 2956 esset,
1280 2880 1375 2943 amici
1389 2897 1477 2942 coca-

248 2979 369 3044 bamur.
421 2983 464 3048 IV
488 2985 539 3062 24,
562 2985 598 3048 4:
635 2983 710 3048 dum
736 2985 831 3068 pueri
867 2984 1053 3066 clientesque
1085 2983 1246 3062 capiendis
1283 2980 1477 3045 animalibus

249 3090 486 3166 occuparentur,
509 3092 644 3151 secretae
666 3087 888 3153 conlocutionis
906 3093 978 3169 peto
1001 3087 1129 3171 copiam.
1169 3085 1244 3150 Vlll
1268 3087 1298 3162 6,
1323 3085 1378 3150 13:
1402 3084 1477 3146 dum

248 3186 417 3266 epistulam
447 3187 593 3251 claudere
622 3194 776 3273 optarem,
809 3191 932 3256 subitus
964 3212 985 3255 a
1013 3190 1164 3256 Santonis
1196 3189 1339 3254 nuntius.
1388 3190 1477 3254 cuius

249 3293 427 3355 structurae
453 3295 596 3376 exemplu
626 3313 806 3376 quenquam
835 3298 900 3360 iem
929 3298 1014 3379 apud
1035 3297 1099 3360 Liv.
1124 3299 1233 3361 extent
1255 3295 1418 3378 complura
1439 3296 1477 3357 ut

250 3392 338 3470 140,
363 3396 398 3458 71
421 3392 495 3457 dum
517 3394 660 3460 intentus
680 3397 717 3459 in
739 3415 809 3459 eum
830 3416 862 3460 se
884 3418 942 3459 rea
965 3401 1048 3461 tolus
1068 3401 1231 3473 auerteret,
1255 3395 1339 3459 alter
1360 3395 1477 3458 elatam

248 3493 382 3556 securim
403 3495 439 3558 in
461 3502 555 3580 capul
576 3497 693 3562 deiecit.
740 3498 844 3578 1147,
869 3503 896 3564 5.
925 3501 970 3565 IV
992 3501 1043 3576 25,
1068 3501 1096 3564 9.
1127 3503 1173 3565 lX
1196 3499 1245 3578 18,
1271 3499 1298 3564 1.
1329 3495 1476 3562 XXXIX

249 3595 299 3674 49,
323 3599 351 3674 8,
374 3618 473 3663 unum
496 3621 544 3684 ap.
565 3601 656 3682 Verg.
678 3602 732 3669 Ge.
752 3602 793 3667 lV
811 3603 883 3682 457,
907 3606 1015 3670 temen
1037 3623 1138 3686 neque
1161 3623 1209 3686 ap.
1225 3604 1296 3668 Tac.
1319 3606 1375 3668 eut
1391 3601 1476 3667 Suet.

249 3703 312 3764 aut.
327 3701 408 3765 Flcr.
422 3721 523 3784 neque
539 3723 587 3788 ep.
598 3707 690 3786 Apul.
706 3708 916 3785 inveniuntur,
932 3709 987 3773 sed
1003 3709 1171 3791 scriptores
1185 3708 1311 3774 demum
1327 3707 1476 3771 historice

248 3805 414 3886 Augustae
442 3808 474 3869 et
496 3807 572 3870 Aur.
595 3808 705 3872 Victor
727 3813 759 3874 et
780 3815 882 3876 Amin.
907 3813 1002 3877 Maro.
1026 3812 1277 3894 posterioresque
1299 3830 1369 3875 eum
1392 3829 1477 3874 rece-

248 3912 371 3989 perunt.
417 3928 550 3990 quorum
574 3913 714 3994 exempla
736 3919 962 3997 congesserunt
985 3916 1126 3997 Dracger
1146 3914 1179 3978 H
1202 3914 1264 3978 609
1288 3916 1320 3978 et
1335 3913 1476 3976 Peucker

248 4011 319 4074 libri
345 4013 396 4075 cui
426 4012 609 4078 inscribitur
645 4013 744 4094 spicil.
774 4015 989 4080 addeudorum
1021 4015 1103 4080 lena.
1136 4016 1204 4080 1011.
1236 4038 1265 4100 p.
1296 4015 1336 4079 67
1365 4036 1395 4080 u.
1425 4016 1475 4082 15.

248 4113 332 4178 locos
356 4119 464 4180 eutem
487 4117 749 4201 Hieronymienos
773 4120 912 4202 aliosque
932 4123 1060 4201 collegit
1083 4121 1195 4186 Gblzer
1216 4141 1245 4204 p.
1268 4121 1331 4184 358
1354 4140 1399 4202 sq.

335 4283 357 4350 ¹>
375 4282 489 4350 cursa
510 4303 533 4338 1.
557 4285 684 4354 causon
705 4287 764 4340 llud
786 4287 848 4341 secu
863 4288 964 4342 10111
982 4291 1031 4344 11,
1051 4250 1179 4344 uulsis.
1203 4288 1300 4358 quibus
1319 4289 1476 4344 instruitur

247 4357 350 4412 Arabio
367 4359 416 4426 febr
433 4359 647 4432 Leailroprapbie
664 4364 723 4416 und
743 4364 920 4420 Grammatilc
936 4365 978 4420 ΠΙ
996 4384 1021 4436 ρ.
1042 4371 1083 4422 18.

333 4435 354 4502 ²)
371 4435 498 4491 similiter
515 4455 585 4493 cura
602 4441 683 4494 abstr.
696 4459 735 4510 pr.
749 4459 836 4496 coucr.
849 4443 875 4496 V
887 4446 926 4514 16,
939 4449 966 4499 b:
985 4443 1088 4498 Roscia
1105 4445 1215 4508 10111101,
1230 4461 1298 4499 cura
1310 4444 1474 4499 communis.
