3496 4924
833 345 893 410 101

247 533 407 598 reticenda
427 531 476 597 oei
498 532 628 596 reticere
647 531 833 616 proposita).
888 535 979 598 6616
1003 531 1064 597 VH
1085 535 1115 609 9,
1142 534 1194 597 18:
1225 529 1309 611 qnod
1328 529 1480 594 Imctenns

247 657 297 703 eos
322 641 385 702 esto
410 639 539 720 putatos
564 638 621 717 (66.
651 637 828 721 supepiores
859 655 954 718 quam
984 633 1194 718 Simplicium)
1225 633 1330 718 (Luce.
1354 636 1383 713 3,
1407 637 1479 700 733.

248 740 338 806 Verr.
361 742 381 805 l.
403 742 423 804 l.
448 743 477 806 X
499 741 528 818 3,
551 743 602 806 43.
633 741 708 806 Hor.
731 759 800 824 epp.
822 738 840 803 Ι
862 740 934 817 81);
972 744 1083 802 contra
1105 757 1191 820 sequ.
1213 739 1371 804 coniunct.
1403 737 1480 802 VIII

248 846 278 922 6,
297 847 355 909 ll:
378 846 441 910 esto
459 841 501 906 sit
522 841 722 924 inanipentia
744 840 875 923 dipnnm
898 845 931 906 61
952 843 1047 907 verbo
1069 841 1157 932 finito
1181 841 1241 918 16,
1257 843 1291 904 4:
1315 843 1379 903 esto
1400 835 1481 902 mni-

249 945 402 1030 tipiioatis
424 945 481 1010 eat
503 943 693 1028 spumabant
717 939 968 1008 masta'cinetis.
1014 942 1217 1009 *incisum
1240 945 1364 1009 66116
1388 961 1480 1008 aere

248 1052 304 1129 (=
318 1047 457 1131 6666161)
481 1049 507 1112 V
527 1051 554 1125 3,
571 1049 605 1112 4:
628 1046 713 1112 iilud
733 1047 769 1110 in
790 1067 864 1110 aere
885 1046 1000 1110 credite
1022 1046 1157 1109 incisam
1179 1065 1236 1109 nas
1307 1065 1478 1126 numquam

247 1151 441 1216 acimissnrcs
462 1151 580 1216 amoris
605 1149 782 1214 terminum.
816 1146 1478 1240 *166116161661116166666(661)

249 1256 281 1320 ΙΙ
304 1258 332 1332 0,
355 1257 391 1318 66
418 1254 611 1318 senatoriam
632 1252 678 1316 ad
696 1253 821 1318 moriam
843 1272 903 1333 qno
931 1251 1064 1316 insitam
1094 1251 1336 1332 institntampne
1363 1250 1480 1314 mattas

249 1356 359 1440 epotas
442 1357 570 1441 apponi.
617 1359 721 1439 *que
744 1360 912 1440 spectat
933 1356 979 1421 IV
996 1358 1024 1433 7,
1042 1357 1077 1419 l:
1099 1375 1160 1436 qno
1177 1357 1290 1438 spectet
1307 1354 1371 1416 isto
1386 1371 1479 1438 prae·

246 1458 355 1523 mitti?
377 1459 449 1526 6611.

333 1563 391 1628 Η16
407 1563 579 1628 adiecimus
603 1579 700 1626 unum
717 1557 905 1626 6616611666]
921 1581 1099 1645 paucasque
1115 1562 1289 1627 locutiones
1313 1562 1479 1643 exquibus
1527 1607 1531 1612 -

249 1683 311 1730 ecc.
335 1685 360 1730 o.
381 1665 436 1730 inl.
458 1667 551 1750 aptus
573 1668 637 1730 est:
722 1697 724 1704 v

335 1770 542 1834 contentus
565 1767 592 1845 7,
616 1767 697 1832 275:
719 1767 785 1830 iam
806 1765 886 1830 cilia
903 1788 964 1846 per
983 1787 1015 1830 se
1030 1767 1171 1850 Apmina
1192 1770 1355 1830 contentas
1376 1786 1478 1830 rcere.

248 1870 366 1950 (Quint.
390 1870 588 1952 6661661).
632 1872 928 1955 proverbialiter
950 1873 1102 1936 celebre
1126 1877 1186 1936 661
1209 1871 1241 1936 ΙΙ
1264 1874 1294 1946 6,
1321 1869 1357 1933 l:
1386 1887 1478 1948 saepe

249 1993 370 2036 moram
392 1991 457 2036 esse
480 1971 646 2038 meliorem.
698 1973 799 2040 ieme
828 1975 1034 2052 concinnet
1062 1974 1106 2039 Vl
1131 1973 1179 2053 12,
1203 1977 1239 2038 6:
1269 1971 1362 2035 idam
1383 1970 1480 2035 dnbio

171 2077 174 2082 '
250 2075 339 2154 fama
362 2075 529 2139 concinnat
552 2122 578 2145 ..
601 2076 739 2157 ipnotam
761 2075 997 2140 circumtulisse
1013 2080 1186 2142 sementem.
1231 2095 1368 2161 operae
1391 2095 1479 2159 pre·

251 2180 347 2244 tium
371 2179 488 2244 661111
503 2180 589 2254 3,’2;
616 2198 701 2240 meae
721 2178 813 2259 fama
827 2176 985 2259 personae
1006 2199 1102 2260 qnam
1123 2199 1235 2262 operae
1253 2178 1394 2260 pretinm
1416 2197 1480 2240 non

248 2284 318 2344 erat
337 2279 489 2344 librorum
503 2299 632 2344 snornm
654 2280 758 2343 titntis
779 2279 992 2346 inclarescere.
1025 2271 1081 2347 'VI
1098 2284 1147 2360 12,
1171 2287 1205 2349 9:
1232 2281 1345 2364 quibas
1367 2302 1479 2362 operae

249 2384 316 2464 fnit
332 2383 481 2465 pretinm
496 2384 570 2464 pieri
591 2383 716 2463 samem
730 2403 821 2448 snam
836 2383 989 2463 periente.
1034 2386 1111 2450 VIII
1136 2386 1185 2463 11,
1200 2386 1244 2466 ,1²
1267 2385 1305 2448 cte
1326 2405 1386 2464 qno
1407 2385 1479 2448 din-

250 2487 315 2550 tins
336 2486 514 2567 occupando
538 2532 561 2552 ..
584 2507 697 2567 operae
712 2487 854 2568 pretinm
878 2492 923 2550 est
944 2489 1047 2552 cotica
1063 2487 1257 2568 popntornm
1278 2487 1386 2550 stadia
1409 2507 1478 2552 oon-

249 2589 366 2670 ftipere.
412 2592 654 2674 *promptum
678 2595 735 2657 661
756 2591 801 2656 111
819 2591 868 2669 13,
884 2593 921 2655 2:
944 2611 1009 2655 non
1024 2591 1106 2654 enim
1119 2594 1302 2670 promptam
1317 2593 1363 2653 est
1378 2609 1479 2654 annm

251 2691 442 2772 enndemqne
458 2693 556 2772 probe
584 2693 690 2772 facere
717 2692 844 2774 aliqniot
872 2697 901 2757 et
922 2714 1007 2758 raro.
1059 2715 1193 2761 sermo
1224 2694 1356 2759 661111
1387 2695 1417 2770 6,
1441 2698 1477 2758 3:

250 2794 354 2861 creber
366 2793 611 2874 provintialium
625 2815 725 2860 sermo
740 2799 786 2858 est
801 2816 925 2860 annam
939 2796 1051 2860 boream
1067 2845 1090 2861 ..
1105 2797 1359 2860 existimandam.
1391 2801 1477 2862 166-

249 2900 280 2962 11
303 2901 360 2963 661
381 2898 426 2964 IV
443 2898 492 2975 10,
508 2900 544 2964 2:
567 2918 631 2964 non
645 2899 729 2962 enim
743 2899 828 2962 tanti
842 2903 887 2962 est
899 2897 999 2978 potiri
1012 2898 1178 2980 formatas.
1217 2902 1377 2984 *volupe
1400 2897 1477 2982 (661)

250 3002 337 3084 clep
363 3005 401 3068 10
425 3002 468 3086 (p.
491 3001 555 3086 33).
630 3031 637 3040 ·

335 3105 725 3190 NominaIivi'denique
757 3127 843 3172 cum
872 3107 1074 3172 infinitivo
1097 3109 1240 3191 exempla
1269 3110 1307 3171 61
1336 3107 1398 3172 elie
1427 3111 1477 3170 16-

251 3219 376 3272 ceamus
400 3208 504 3273 minus
526 3210 663 3290 insignia
685 3213 829 3276 attulisse
852 3213 990 3278 66166161
1012 3213 1090 3278 haec
1111 3211 1328 3296 potissimum:

335 3309 554 3392 *agnoscor
585 3311 661 3376 Vlll
692 3311 741 3390 11,
768 3316 807 3376 3:
847 3313 1056 3393 Lampridius
1085 3317 1193 3378 orator
1220 3313 1309 3377 niodo
1334 3311 1478 3393 primam

249 3411 367 3475 occisas
387 3411 467 3476 miii
488 3414 670 3496 apnoscitnr
693 3419 725 3480 61
747 3417 949 3498 permittor
972 3417 1032 3481 VII
1056 3417 1106 3492 11,
1131 3418 1164 3480 1;
1192 3415 1346 3480 desiderio
1368 3465 1391 3478 ..
1412 3435 1478 3480 meo

248 3534 450 3594 nequaqnam
471 3517 656 3597 satisfacere
673 3517 851 3597 permittor.
895 3518 1047 3595 112176
1069 3519 1119 3581 ita
1140 3517 1206 3580 iliis
1228 3537 1284 3581 nec
1298 3517 1402 3582 redire
1423 3537 1478 3580 ca

250 3615 386 3680 tentibus
407 3637 463 3680 nec
484 3619 571 3682 eeire
588 3620 755 3698 permissis
777 3621 892 3701 (Amen.
914 3621 987 3686 XIV
1006 3624 1033 3699 1,
1051 3625 1086 3686 3:
1108 3640 1164 3684 neo
1186 3619 1303 3684 hiscere
1325 3641 1380 3684 nec
1393 3620 1479 3702 quni

243 3719 430 3798 permissas.
481 3723 555 3787 XIV
571 3725 600 3799 2,
619 3726 675 3788 15:
697 3741 754 3786 nec
769 3723 946 3804 permissns
968 3727 1013 3787 est
1028 3723 1173 3808 conpredi
1194 3728 1226 3790 61
1240 3725 1386 3791 undecim
1408 3726 1477 3790 aliis

251 3825 410 3889 Ammiani
430 3825 523 3890 locis:
546 3826 670 3909 praeter
692 3846 764 3890 eum
787 3829 862 3892 Aur.
877 3828 958 3908 Vim.
980 3830 1156 3912 o1ig.geni.
1178 3829 1267 3893 Rom.
1289 3827 1332 3893 IV
1343 3829 1371 3892 3.
1393 3828 1479 3893 IXl.

250 3924 342 3994 1Χ3
365 3926 457 3992 XVII
480 3927 508 3991 4.
523 3929 604 4010 Aug.
620 3929 658 3994 de
681 3929 791 3994 6161).
816 3929 899 3992 128.
943 3931 1029 3996 Hier.
1049 3951 1094 4015 ep.
1116 3933 1185 4010 108,
1203 3932 1260 3996 1οε
1284 3930 1391 4011 siqna
1408 3935 1479 3994 erat

249 4028 364 4092 nobilis
385 4050 450 4093 non
472 4030 716 4111 permittebatur
738 4031 776 4094 de
804 4030 891 4095 dano
913 4051 973 4095 sna
995 4032 1108 4097 habere
1129 4033 1276 4096 concitem.
1327 4056 1354 4100 v.
1377 4035 1477 4100 Hiler.

249 4133 307 4196 23:
330 4137 499 4214 antequam
514 4133 658 4198 diabotus
675 4134 798 4197 beatmn
813 4132 873 4198 Joo
888 4137 1012 4198 tentare
1025 4136 1274 4215 permitteretnr.
1318 4139 1350 4202 in
1367 4139 1476 4204 Ezech.

251 4255 362 4300 comm.
379 4238 476 4320 prael.
497 4235 563 4300 nisi
584 4236 656 4318 qnis
677 4237 766 4317 apmt
793 4257 844 4300 eos
938 4237 1129 4302 tricesimum
1149 4259 1270 4304 annam
1294 4239 1478 4322 impleverit,

249 4355 306 4400 nec
326 4337 494 4419 principia
514 4359 658 4422 peneseos
687 4357 744 4403 nec
765 4387 790 4403 ..
813 4338 912 4422 tepere
936 4341 1147 4420 permittitnr.
1196 4345 1308 4411 116116.
1331 4348 1364 4410 16
1394 4349 1478 4410 ceni.

248 4439 296 4506 III
318 4463 347 4526 p.
369 4441 411 4506 40
434 4443 467 4507 L.
483 4444 559 4522 pati
578 4443 809 4525 persecutiones
825 4443 1026 4524 permittitnr
1048 4445 1199 4531 ecclesia).
