3496 4924
351 1253 412 1368 De
445 1305 634 1386 Apollinaris
659 1304 779 1368 Sidonii
802 1305 1014 1368 Arvernorum
1041 1306 1179 1388 episcopi
1210 1308 1368 1372 latinitate
1400 1328 1500 1390 quan·
1529 1383 1535 1393 .

272 1429 366 1491 quam
390 1409 451 1472 duo
474 1409 538 1470 iam
561 1410 796 1490 programmata
815 1407 1005 1470 Memeliana
1029 1409 1205 1490 composita
1228 1411 1266 1474 ab
1290 1411 1329 1473 H.
1346 1411 1500 1476 Kretsch·

270 1533 365 1578 mann
377 1512 401 1593 1)
426 1514 535 1576 extant
557 1515 588 1575 et
604 1511 765 1592 Eugenius
782 1511 879 1572 Baret
901 1509 1048 1574 editionis
1070 1529 1144 1576 suae
1161 1512 1388 1594 Sidoniauael)
1408 1534 1499 1598 pagg.

272 1616 440 1680 lca-120
470 1615 624 1677 nonnulla
652 1611 803 1695 exposuit,
836 1616 941 1676 tamen
973 1633 1054 1678 nova
1084 1607 1240 1696 quaedam
1275 1620 1499 1682 commentatio

270 1718 355 1782 haud
374 1703 607 1800 supervacanea
623 1717 713 1782 nobis
729 1717 796 1780 visa
817 1717 873 1780 est.
910 1734 1046 1798 namque
1069 1718 1121 1782 1116
1146 1720 1243 1784 altero
1267 1725 1499 1803 programmate

202 1817 204 1822 ‘
270 1819 307 1882 dc
349 1817 567 1898 compositione
599 1815 725 1882 Sidonii
759 1819 885 1883 uberius
921 1820 1103 1902 explicavit,
1145 1823 1243 1888 altero
1275 1825 1500 1890 venabulorum

270 1924 501 2006 supellectilem
532 1924 729 1988 enumeravit
760 1941 796 1986 ae
827 1923 950 1988 duabus
982 1927 1110 1988 tantum
1138 1927 1262 2008 paginis
1291 1928 1438 1992 extremis
1462 1928 1499 1993 de

269 2027 394 2092 dicendi
425 2045 538 2108 genere
561 2027 753 2108 paucissima
783 2027 937 2108 quaedam
961 2029 1112 2110 exposuit,
1141 2029 1193 2093 hio
1215 2031 1425 2114 proprietates
1449 2032 1500 2098 Si·

271 2131 357 2194 douii
379 2131 514 2194 maxime
538 2131 723 2212 conspicuas
747 2130 949 2194 adumbravit
976 2131 1080 2214 potius
1104 2150 1199 2214 quam
1222 2134 1380 2216 pertexuit
1403 2137 1498 2216 atque

269 2233 301 2296 in
334 2233 511 2314 complures
546 2233 677 2312 insuper
711 2232 822 2296 incidit
852 2252 980 2298 errores.
1036 2234 1074 2298 de
1105 2235 1299 2317 etymologia
1330 2238 1436 2302 autem
1469 2239 1500 2302 et

270 2336 397 2418 syntaxi
426 2333 595 2398 Sidoniaua
627 2335 797 2398 nemodum
830 2338 1007 2400 accuratius
1040 2339 1071 2400 et
1105 2340 1260 2419 copiosius
1291 2339 1432 2423 scripsit:
1468 2341 1499 2405 id

270 2438 353 2520 quod
390 2438 481 2501 nobis
519 2438 716 2520 propositum
748 2440 806 2502 est.
866 2457 961 2522 quam
992 2439 1208 2520 quaestionem
1241 2441 1287 2504 111
1319 2445 1499 2508 censuimus

270 2561 338 2606 esse
355 2542 538 2606 solvendam
561 2544 598 2605 ut
621 2542 666 2605 eis
689 2542 794 2605 minus
813 2542 930 2606 curatis
955 2561 1034 2624 quae
1051 2561 1070 2605 1
1085 2542 1289 2607 classicorum
1313 2545 1366 2624 qui
1389 2545 1500 2609 dieun-

270 2647 322 2707 tur
352 2645 540 2726 scriptorum
571 2663 632 2708 usu
659 2665 722 2708 non
745 2647 926 2726 discrepant
948 2649 1004 2710 aut
1034 2647 1072 2710 ab
1097 2646 1307 2729 etymologica
1329 2650 1419 2730 parte
1444 2652 1500 2714 aut

271 2747 485 2828 asyntactica
500 2746 714 2828 insignissima
738 2749 891 2828 quaedam
916 2752 948 2813 et
970 2749 1010 2812 ad
1026 2748 1232 2813 Sidonianum
1252 2750 1376 2813 dicendi
1399 2769 1500 2831 genus

270 2848 524 2929 cognoscendum
557 2850 689 2912 maxime
721 2851 833 2915 idonea
865 2852 958 2914 certis
984 2853 1173 2932 quibusdam
1195 2853 1371 2918 rationibus
1395 2854 1499 2937 dispo·

270 2951 331 3018 sita
357 2971 628 3036 persequeremur.
674 2954 780 3016 omnia
809 2955 892 3018 enim
921 2955 1093 3036 insigniora
1117 2956 1143 3018 si
1170 2958 1361 3039 pertractare
1382 2959 1500 3022 voluis·

270 3073 392 3132 semus,
430 3058 518 3120 totns
553 3056 633 3120 liber
664 3055 907 3121 conscribendus
940 3059 1032 3122 nobis
1062 3057 1174 3123 fuisset
1204 3059 1331 3142 qualem
1366 3059 1500 3124 confecit

268 3157 424 3222 Henrious
456 3158 568 3222 Giilzer
597 3161 645 3223 vir
676 3160 788 3224 doctus
820 3159 959 3226 Gallicus
995 3163 1033 3226 de
1063 3161 1249 3245 Hieronymi
1286 3161 1499 3242 latinitatezll

269 3262 352 3342 quod
381 3262 529 3345 perficere
562 3263 691 3327 minime
721 3267 904 3346 poteramus
936 3267 1085 3346 quoniam
1113 3266 1229 3330 auxilia
1258 3267 1296 3330 ad
1325 3267 1389 3331 tale
1408 3285 1499 3349 ¹opus

268 3365 403 3429 maxime
432 3367 610 3430 necessaria
642 3368 732 3431 nobis
760 3372 887 3450 praesto
917 3388 978 3433 non
1011 3370 1110 3433 erant.
1155 3387 1193 3432 ex
1218 3387 1390 3450 permagno
1415 3370 1498 3432 enim

268 3487 398 3532 numero
430 3469 636 3550 peculiarium
666 3470 845 3533 libellorum
873 3465 1073 3535 aPanolrerc
1108 3472 1146 3535 de
1174 3471 1383 3552 posteriorum
1419 3472 1496 3535 sori·

269 3572 395 3650 ptorum
418 3572 642 3636 vocabulorum
666 3575 822 3654 apparatu
845 3573 1091 3654 compositorum
1115 3574 1321 3656 paucissimus
1344 3575 1498 3655 inspicere

269 3672 358 3735 nobis
382 3671 481 3735 licuit.
520 3675 690 3738 accedebat
712 3675 796 3755 quod
821 3676 955 3739 aliorum
977 3677 1117 3741 virorum
1140 3677 1304 3741 doctorum
1327 3677 1366 3740 de
1390 3677 1499 3759 singu-

267 3775 369 3837 lorum
393 3774 582 3856 scriptorum
611 3777 769 3840 latinitate
793 3779 1075 3844 commentationes
1106 3781 1138 3843 in
1162 3780 1242 3844 actis
1273 3780 1439 3861 philologia
1462 3783 1499 3844 11

267 3877 377 3940 Museo
398 3877 550 3941 Rhenanc
573 3880 605 3942 61
628 3897 707 3959 quae
731 3882 807 3943 sunt
829 3885 933 3946 cetera
956 3883 987 3944 id
1011 3902 1110 3963 genus
1134 3886 1278 3947 extantes
1300 3882 1499 3965 inpromptu

266 3981 358 4044 nobis
374 3999 438 4044 non
454 3981 591 4046 luerunt.
634 3985 668 4046 11
690 3983 891 4047 vehementer
915 3986 1014 4066 gavisi
1037 4004 1146 4050 sumus
1171 3984 1253 4066 quod
1277 4003 1358 4050 nora
1379 3985 1499 4050 Sidonii

354 4185 374 4248 ¹)
393 4201 461 4254 quae
479 4183 551 4239 edita
569 4187 632 4238 sunt
650 4185 728 4239 annis
749 4189 815 4240 1870
835 4187 861 4238 et
882 4189 955 4241 1872.

353 4269 376 4338 2)
399 4270 513 4324 cruores
532 4271 563 4324 dc
583 4271 695 4325 86116116
713 4271 887 4340 Apolliauc're
906 4277 972 4326 166616
990 4273 1062 4327 latta
1079 4277 1134 4338 etc,
1153 4274 1239 4328 Paris.
1261 4277 1334 4329 1878.

354 4357 376 4425 ³)
395 4341 483 4410 Electa
501 4356 735 4426 leac'ecyruplthroc
758 4363 783 4411 61
798 4359 1011 4426 grammaticum
1034 4361 1065 4414 de
1089 4361 1118 4413 lu
1140 4359 1298 4414 1111161116
1324 4361 1362 4414 st.
1380 4361 1497 4426 Je‘reme,

268 4439 351 4494 Paris.
373 4445 445 4496 1884.
