3496 4924
842 309 882 375 57

247 499 346 566 tivum
369 500 419 564 vel
441 517 614 583 pronomen
637 497 821 564 adiunctum
851 501 901 564 est
923 499 962 562 ab
985 497 1177 580 elegantiore
1208 497 1332 562 dioendi
1361 515 1476 580 genere

247 603 434 684 discrepent.
487 620 546 666 nee
576 602 681 666 miuus
712 601 814 666 aliena
836 621 855 666 a
881 603 1024 665 veterum
1055 620 1115 665 usu
1145 600 1282 683 genetivi
1312 601 1475 683 qualitatis

247 701 324 770 eum'
342 705 428 769 nudo
458 705 585 770 nomine
607 705 732 788 proprio
762 706 811 770 vel
841 705 1024 788 pronomine
1047 703 1173 768 'omissa
1202 703 1397 786 appositione
1426 704 1476 768 vel

247 807 400 872 adieetivo
416 807 595 872 aoniunatio
618 809 667 871 est
689 810 725 870 ut
740 809 768 884 9,
784 808 865 872 305;
887 803 1062 870 Messalam
1078 803 1200 886 inponit
1214 804 1295 868 satis
1307 803 1475 885 profundi.

249 908 400 986 23,145:
431 907 510 989 quid
530 928 583 972 eos
610 905 726 988 eloquii
753 927 867 1004 canam
888 906 1029 971 Latini?
1058 909 1266 991 danique23,
1291 907 1368 973 167:
1398 907 1478 988 quid

246 1010 361 1075 multas
382 1011 467 1075 varii
488 1009 557 1074 stili
577 1009 743 1076 retexam?
764 1048 808 1058 —

335 1115 529 1182 Genetivi
552 1116 747 1200 partitivi
770 1119 914 1182 seseenta
936 1115 1077 1198 exempla
1099 1117 1224 1180 entant:
1248 1133 1328 1196 quae
1351 1115 1476 1202 tanturn

249 1217 339 1282 abest
361 1221 398 1284 ut
420 1215 587 1284 afferamus
618 1220 783 1284 omniunt
814 1237 851 1284 aa
880 1219 948 1282 sola
978 1236 1188 1282 memoremus
1218 1217 1250 1280 ln
1281 1217 1394 1299 quibus
1423 1217 1476 1281 illo

248 1322 410 1402 genetivus
434 1325 526 1406 aptus
549 1325 600 1388 est
615 1323 664 1388 vel
687 1341 723 1387 ex
746 1323 902 1388 adverbiis
925 1323 973 1386 vel
989 1341 1026 1386 ex
1047 1321 1284 1403 pronominibus
1302 1320 1476 1388 adieetivis-

248 1441 308 1504 que
336 1444 391 1508 pro
423 1425 631 1490 substantivis
662 1425 772 1509 positis
802 1427 838 1488 ut
864 1423 915 1489 III
936 1427 966 1502 3,
990 1427 1025 1488 2:
1058 1419 1368 1504 undique'pantium.
1402 1423 1476 1487 ibid.

248 1528 326 1608 §82
353 1525 493 1607 undique
516 1525 661 1590 locorum.
705 1527 749 1592 IX
775 1530 824 1605 13,
847 1527 885 1591 4:
914 1525 1055 1607 undique
1076 1525 1212 1591 arbum.
1258 1529 1286 1603 7,
1312 1526 1386 1590 119:
1415 1545 1475 1587 66-

248 1627 341 1709 dipue
363 1628 451 1692 eaeti.
496 1630 564 1707 15,
588 1633 617 1696 5.
641 1631 656 1694 I
683 1630 731 1709 11,
753 1630 944 1708 2.112,11.
973 1629 1115 1708 1114,1.
1142 1629 1186 1694 IV
1203 1633 1231 1708 8,
1247 1633 1275 1694 2.
1303 1629 1475 1704 1111131.

247 1728 326 1796 VIII
351 1733 399 1809 10,
423 1735 456 1797 2:
491 1752 551 1812 quo
578 1731 637 1796 1666
666 1732 813 1816 (--61)1).
864 1733 908 1797 IV
932 1733 960 1808 1,
984 1736 1016 1798 5:
1049 1751 1170 1814 quoquo
1200 1731 1259 1796 lori
1292 1730 1418 1815 (11114,
1442 1732 1474 1796 1:

247 1832 473 1914 quoquotum).
506 1837 554 1912 16,
574 1835 649 1902 127:
664 1853 854 1916 questumque
869 1833 935 1900 loei.
962 1836 1044 1902 VIII
1061 1839 1110 1914 ll,
1127 1837 1161 1901 4:
1177 1855 1238 1918 pua
1252 1856 1367 1899 rerum.
1398 1835 1475 1900 VIII

248 1935 325 2014 7,'l:
348 1935 480 2000 ubinam
500 1937 650 2020 pentima.
687 1939 729 2002 VI
744 1938 773 2016 1,
789 1940 822 2003 5:
849 1957 883 2002 eo
904 1937 1100 2002 necessitatis
1117 1938 1240 2002 aeeessi.
1274 1939 1317 2002 VI
1334 1939 1363 2015 4,
1380 1941 1414 2002 2:
1442 1958 1475 2001 eo

247 2038 401 2118 fae’nuaris
414 2040 550 2104 arcessit.
582 2042 629 2106 III
645 2044 673 2118 3,
690 2043 723 2106 6:
742 2060 776 2105 eo
791 2040 983 2105 omdieionis
996 2059 1180 2105 accesseras.
1210 2039 1238 2105 V
1256 2043 1283 2118 1,
1299 2045 1332 2106 2:
1350 2039 1476 2121 aliquid

247 2140 426 2204 neniarum.
447 2143 491 2207 IV
506 2145 556 2221 18,
569 2147 602 2208 6:
618 2143 786 2207 obtulimus
796 2145 881 2224 quod
890 2143 1069 2207 cantilenae
1083 2143 1217 2208 recentis
1231 2142 1352 2207 obuiam
1362 2143 1476 2207 amnui

247 2241 320 2322 fuit.
364 2243 408 2308 IV
434 2244 482 2323 16,
504 2249 542 2310 2:
565 2245 714 2326 quiequid
734 2245 872 2324 fraudis.
916 2248 975 2312 VII
998 2251 1028 2325 6,
1050 2251 1085 2312 9:
1108 2246 1187 2328 quid
1207 2246 1283 2327 spei.
1327 2247 1418 2330 111,
1442 2249 1473 2311 l:

247 2345 283 2408 id
302 2363 400 2428 agens
429 2347 488 2410 atii
516 2347 609 2428 idque
631 2347 747 2412 nubem
773 2349 852 2412 aeui.
896 2349 943 2415 IV
965 2352 995 2429 6,
1018 2352 1051 2414 2:
1073 2351 1118 2414 uel
1138 2349 1193 2414 noe
1214 2350 1291 2414 aeui.
1333 2352 1358 2415 V
1382 2353 1411 2429 3,
1436 2355 1472 2416 3:

247 2452 421 2513 extremum
442 2448 565 2514 salutis.
610 2452 643 2516 II
667 2453 716 2530 10,
739 2455 773 2517 2:
796 2471 952 2516 summum
973 2453 1071 2533 coepti
1092 2453 1204 2534 operis.
1249 2453 1293 2518 VI
1317 2455 1345 2533 1,
1368 2457 1401 2519 6:
1424 2451 1474 2516 in-

247 2551 374 2615 terioris
399 2551 535 2617 bominis
561 2553 664 2617 nostri
763 2555 930 2636 integrum.
981 2558 1143 2636 1113,4:
1168 2555 1331 2636 pristinae
1360 2555 1475 2637 quietis

248 2653 429 2718 dimensum.
473 2657 541 2734 15,
564 2658 599 2720 6:
622 2656 659 2720 in
680 2657 779 2722 media
801 2659 972 2724 undarum.
1016 2661 1099 2738 112,
1125 2662 1179 2724 19:
1209 2659 1245 2722 in
1275 2659 1373 2723 medio
1396 2679 1474 2739 pro·

247 2756 354 2837 functi.
398 2755 477 2822 VIII
499 2762 528 2837 3,
553 2761 585 2824 5:
616 2759 652 2822 in
681 2760 780 2824 medio
804 2762 970 2825 nationum
996 2762 1216 2827 delibutarum.
1265 2763 1344 2828 VIII
1367 2767 1395 2841 6,
1420 2762 1474 2826 14;

247 2859 283 2924 in
312 2860 413 2924 medio
443 2859 600 2940 fluctuum
621 2861 887 2944 scopulorumque.
932 2866 1009 2931 VIII
1032 2866 1081 2945 14,
1105 2867 1142 2930 3:
1172 2865 1209 2928 in
1237 2865 1337 2929 niedio
1364 2863 1473 2946 plebia.

247 2966 276 3042 5,
299 2963 383 3029 515:
406 2964 451 3027 aei
468 2965 561 3048 rupis
581 2965 727 3030 medinm.
772 2969 786 3033 I
810 2967 893 3045 6,1:
922 2989 944 3032 a
960 2969 1125 3048 profunda
1146 2968 1328 3032 amnestieae
1349 2967 1473 3050 quietis.

247 3066 295 3131 III
318 3071 347 3144 3,
372 3070 408 3131 5:
432 3067 469 3131 ete
491 3087 620 3132 eoneaoa
643 3069 783 3136 cassidis.
820 3073 868 3137 Ill
893 3072 941 3150 13,
964 3077 998 3139 6:
1022 3094 1037 3136 6
1059 3090 1189 3136 concaua
1210 3070 1380 3135 molarium
1401 3090 1473 3135 eon·

242 3171 488 3258 putrescentem.
535 3174 584 3249 16,
614 3175 651 3237 8:
679 3193 738 3256 per
762 3191 895 3238 6666666
920 3175 1064 3257 perpetis.
1109 3178 1159 3254 22,
1183 3179 1221 3240 4:
1249 3195 1312 3256 per
1340 3193 1474 3239 6666666

246 3271 368 3336 montis.
411 3273 457 3338 IV
474 3275 523 3352 10,
546 3277 577 3338 1;
598 3275 866 3358 peregrinationis
886 3277 1028 3341 aduersa·
1073 3281 1132 3355 15,
1153 3280 1187 3342 l:
1204 3278 1474 3360 peregrinationis

246 3394 331 3438 meae
353 3379 469 3454 eoept.
515 3377 592 3444 VIII
617 3379 665 3457 12,
688 3383 723 3444 5:
754 3379 859 3443 sereni
878 3379 1032 3444 marnatis
1052 3380 1164 3462 infida.
1208 3384 1249 3446 ib.
1272 3381 1289 3463 ἕ
1315 3384 1347 3446 1;
1377 3381 1474 3444 dubia

246 3475 381 3542 viarum.
427 3482 505 3561 §2:
537 3485 655 3545 secreta
680 3482 842 3563 reqionum
870 3481 1099 3562 fabulosarum.
1143 3485 1188 3548 IX
1213 3484 1261 3561 14,
1285 3486 1317 3547 5:
1347 3483 1473 3546 subdita

246 3577 316 3642 aiae
338 3579 432 3644 auita.
477 3582 526 3661 11,
549 3587 603 3648 31:
633 3588 771 3648 naturae
799 3585 930 3648 insulta.
968 3588 1013 3652 IV
1036 3589 1086 3665 22,
1109 3591 1147 3652 3:
1179 3589 1244 3649 tota
1269 3584 1474 3666 publicarum

246 3702 354 3746 rerum
382 3688 508 3747 serrata.
554 3689 620 3766 15,
644 3691 676 3753 8:
711 3708 842 3752 amoena
872 3689 1026 3770 santium,
1060 3689 1208 3752 abstrusa
1235 3693 1404 3769 puteorum

245 3785 347 3869 nitrea
377 3785 481 3851 Velini
507 3787 613 3871 petisia
644 3789 810 3867 Clitumni,
844 3792 981 3856 Anienis
1016 3791 1146 3857 caerula
1170 3789 1274 3857 Naris
1310 3791 1472 3872 sulpurea,

243 3908 330 3971 pura
351 3890 493 3955 Fabaris
513 3892 641 3955 turbida
664 3891 794 3956 Tiberis.
840 3895 872 3959 II
897 3897 945 3973 10,
968 3900 1002 3961 3:
1025 3895 1121 3960 buius
1142 3897 1231 3960 aedis
1252 3893 1386 3958 extimis.
1427 3896 1473 3961 IV

245 3996 275 4070 6,
294 3996 327 4057 l:
350 3992 395 4056 ad
414 3993 607 4074 infamanda
630 4013 760 4058 casuum
781 3996 912 4060 ineerta.
951 4001 998 4064 III
1015 4003 1044 4076 3,
1061 3999 1094 4063 1:
1117 3999 1154 4062 iu
1175 3998 1251 4062 bueo
1270 3997 1473 4063 miseriarum

245 4098 394 4159 extrema.
440 4098 489 4162 III
512 4100 542 4171 4,
565 4099 600 4161 2:
621 4101 752 4176 propter
773 4097 939 4163 eriminum
958 4100 1084 4166 oeenita.
1131 4103 1180 4180 15,
1194 4104 1248 4166 61:
1266 4118 1328 4184 per
1350 4120 1473 4167 summa

239 4197 396 4277 polorum.
434 4204 463 4277 9,
490 4201 567 4266 103:
584 4221 648 4280 per
668 4200 734 4263 ima
749 4201 846 4281 ponti
869 4206 942 4268 aett.

329 4302 366 4366 In
402 4323 598 4368 saororum
636 4307 825 4370 librorum
862 4308 1052 4374 diationis
1088 4310 1317 4375 imitatione
1350 4311 1472 4394 positae

204 4431 208 4438 ·
246 4407 323 4470 sunt
344 4406 404 4471 hae
429 4408 622 4473 locutiones:
644 4409 689 4474 IX
711 4409 742 4489 9,
765 4413 798 4476 6:
822 4407 996 4474 Riochatus
1070 4411 1163 4475 istius
1184 4410 1296 4476 mundi
1316 4412 1363 4476 bis
1378 4432 1472 4492 pere-
