3496 4924
837 381 958 456 85,

240 587 305 632 uam
335 571 479 632 aetareut
508 573 545 632 ut
572 568 715 650 Bprsam
739 573 865 650 peteres
896 567 1010 656 (Hau).
1071 571 1212 636 tribua
1241 573 1286 637 ut
1315 572 1411 650 IV5‚
1435 573 1472 638 1:

209 678 213 682 “
241 669 380 736 Gozolas
397 676 507 748 aester,
526 669 617 736 Deus
639 671 760 736 tribuat
781 675 819 735 ut
839 673 946 737 master
968 670 1024 754 (sc.
1041 671 1230 756 efficiatur),
1252 673 1379 754 apicum
1393 693 1473 738 mec-

240 793 312 838 rum
342 774 476 838 secuulc
504 774 635 857 perulas
663 773 806 855 efficitur
841 775 927 858 (Tac.
956 795 1026 841 ann.
1055 775 1130 841 XIV
1156 777 1210 840 14:
1244 774 1382 840 tribucre
1410 773 1474 859 ae),

240 879 465 962 interrogo
490 877 545 964 (=
567 896 640 960 rapa
662 879 711 944 vel
728 877 816 962 peta)
847 883 892 945 ut
915 879 960 947 IX
983 879 1032 957 14,
1056 879 1093 942 4;
1124 877 1304 960 iuterropas
1326 897 1389 959 per
1408 871 1474 960 pu-

238 979 426 1064 pillatarem,
441 1000 518 1062 quas
533 984 730 1044 recurreutcs
743 1000 886 1044 asseram
900 999 1018 1056 uersus,
1033 983 1072 1044 ut
1085 978 1166 1044 celer
1181 979 1332 1065 explicem
1347 985 1475 1067 propter

241 1076 435 1149 structuram
457 1104 521 1149 non
546 1085 648 1166 magis
679 1104 776 1168 quam
806 1088 934 1169 propter
962 1085 1227 1166 significationem
1257 1087 1413 1151 mutatam
1442 1087 1475 1150 in

241 1187 418 1252 imitatione
441 1187 528 1253 verbi
558 1189 681 1269 ἐρωτᾶν
711 1189 796 1270 apud
819 1189 971 1253 librorum
994 1204 1156 1253 sacrarum
1179 1191 1325 1252 auctores
1348 1188 1475 1254 eodem·
1556 1253 1560 1258 .

241 1289 335 1354 mado
358 1291 501 1373 usurpati
531 1291 667 1374 positam
698 1291 872 1356 attulimus.
925 1291 1094 1373 dignum
1122 1295 1192 1357 est·
1214 1291 1308 1357 utV
1330 1292 1416 1374 9,1:
1446 1289 1476 1354 si

241 1389 373 1473 dipuum
389 1394 430 1472 tu
452 1411 574 1474 quaque
590 1396 693 1472 putas
713 1395 751 1455 ut
834 1395 944 1456 tautas
965 1391 1135 1456 lateamus
1156 1361 1315 1456 amicitias
1336 1393 1473 1479 (Vopisc.

241 1496 328 1560 Laut.
349 1496 430 1576 Aug.
454 1495 569 1578 Dpaeg.
591 1495 625 1558 II
647 1497 733 1574 258).
777 1497 934 1561 iustum
957 1498 1087 1561 estut
1109 1495 1156 1560 IX
1179 1495 1229 1572 13,
1254 1497 1291 1561 5:
1319 1514 1385 1559 uam
1404 1495 1427 1558 i.
1450 1515 1475 1561 e.

240 1599 277 1658 ut
300 1613 408 1658 ceusar
432 1594 571 1675 iucipias
592 1615 661 1660 aum
683 1596 848 1660 seueritate
870 1596 1033 1660 dismtere.
1077 1599 1182 1664 V21:
1206 1596 1415 1662 iustissimum
1429 1601 1475 1661 est

242 1701 278 1760 ut
365 1695 497 1778 quisque
518 1701 663 1762 uestrum
684 1699 828 1763 succedat
850 1701 964 1779 (Plaut.
987 1699 1103 1766 Bacch.
1127 1699 1199 1768 992.
1246 1700 1332 1765 Hier.
1354 1720 1401 1785 ep.
1425 1703 1475 1776 64,

247 1803 300 1866 19:
330 1798 450 1862 iustum
466 1820 552 1883 ,erpa
574 1805 643 1864 erat
673 1805 711 1864 ut
734 1801 886 1882 pautifea
912 1799 977 1866 Dei
1007 1789 1165 1865 iudicaret
1195 1805 1312 1865 cuucta-
1335 1801 1476 1884 iurlipere

241 1900 460 1966 misericordia
482 1900 553 1967 Dei.
598 1907 679 1986 Aug.
703 1905 760 1971 aiv.
783 1906 821 1969 D.
848 1906 897 1984 19,
921 1905 982 1970 21ε
1010 1903 1169 1967 iuiustum
1191 1907 1314 1968 esseut
1336 1902 1476 1968 homiues

241 2004 418 2070 homiuibus
440 2004 676 2070 dominantibus
697 2006 861 2088 serciaut).
915 2010 1019 2073 *non
1041 2007 1249 2073 iniurium
1271 2012 1339 2074 est
1360 2007 1422 2073 VII
1447 2009 1475 2087 l,

244 2109 275 2173 7:
305 2111 342 2170 ut
370 2106 458 2170 uobis
484 2107 558 2170 iude
586 2109 694 2172 aeuiat
716 2129 800 2190 pars
818 2108 1005 2190 patrocinii.
1059 2130 1132 2195 par
1162 2112 1226 2176 ast
1256 2113 1283 2189 7,
1309 2109 1387 2176 312:
1421 2108 1477 2180 loc

242 2229 362 2292 quoque
378 2227 445 2290 par
459 2209 526 2290 fuit
540 2214 577 2274 ut
592 2214 660 2294 tum
674 2211 825 2276 Assertar
842 2213 933 2293 fieret
948 2211 1050 2294 lepum
1065 2211 1121 2295 qui
1133 2260 1157 2275 ..
1170 2211 1310 2296 (Plauti.
1352 2209 1452 2279 *san
1461 2247 1476 2262 ·

243 2317 351 2379 utum
373 2317 439 2378 est
462 2314 475 2379 Ι
502 2315 551 2390 11,
576 2314 614 2378 1:
645 2333 710 2377 uam
732 2333 756 2376 s.
780 2335 804 2378 e.
832 2318 870 2377 ut
891 2313 928 2378 clc
949 2315 1089 2378 maritus
1110 2315 1205 2378 amici
1228 2315 1288 2380 aito
1303 2335 1476 2395 perperam

149 2449 151 2460 =
236 2416 370 2494 sautius.
418 2437 521 2500 opus
545 2422 610 2484 θθῖ
634 2419 665 2482 ΙΙ
689 2417 740 2496 10,
764 2420 801 2482 5:
831 2419 870 2480 ut
891 2415 961 2480 siue
983 2415 1236 2480 dissimulatioue
1258 2416 1384 2494 lectites,
1406 2417 1475 2481 siue

243 2519 309 2599 Jiue
331 2517 483 2582 lecturias
520 2519 637 2602 (Plaut.
660 2521 732 2586 Tac.
757 2521 851 2586 Mart.
878 2521 965 2586 Laut.
989 2521 1104 2601 Dracg.
1133 2516 1273 2602 11273).
1326 2521 1476 2602 dignus

245 2641 331 2686 sum
353 2622 385 2686 ΙΙ
407 2623 436 2698 4,
460 2624 498 2687 3:
531 2622 646 2704 clipuus
669 2641 701 2686 es
722 2627 759 2686 ut
780 2622 889 2686 damus
912 2625 986 2685 tuac
1013 2619 1249 2686 celeberrimam
1274 2619 1478 2702 disciplinam

245 2722 340 2786 etiam
364 2721 480 2801 procul
503 2724 681 2803 positarum
708 2728 797 2804 petat
826 2725 972 2791 ambitus,
1024 2725 1069 2790 IV
1094 2727 1142 2804 18,
1167 2728 1204 2790 3:
1236 2723 1352 2807 dipuus
1382 2744 1415 2788 es
1440 2727 1478 2788 ut

245 2823 305 2888 tal‘
348 2823 434 2906 lepus
457 2822 583 2910 (Draeg.
606 2829 638 2892 II
661 2827 745 2908 258),
769 2830 904 2912 denique
923 2829 951 2892 V
974 2830 1003 2906 4,
1029 2829 1064 2892 1;
1093 2831 1130 2890 ut
1151 2826 1304 2891 salutatio
1325 2826 1404 2891 milti
1425 2827 1477 2892 ae-

245 2928 311 2991 lita
333 2927 601 3007 dissimularetur,
623 2949 688 2994 acu
709 2927 794 2993 illul
809 2930 1006 2993 coutumacia
1028 2930 1084 2993 secl
1104 2928 1367 2994 uerecuualia
1388 2929 1478 3010 suit

244 3037 318 3098 cett.
343 3071 382 3080 —-
406 3035 437 3117 β.
464 3037 608 3098 utnon
639 3054 696 3118 pra
727 3053 767 3096 ue
789 3034 838 3098 III
863 3035 912 3111 12,
935 3035 974 3097 5:
1003 3031 1074 3096 uide
1095 3035 1133 3094 ut
1154 3032 1268 3095 citium
1289 3051 1353 3096 uam
1375 3031 1477 3112 saciat

243 3134 280 3197 iu
302 3153 457 3198 marmore
484 3133 667 3215 lapidicida.
719 3138 763 3202 IV
787 3138 836 3215 13,
860 3139 896 3201 3:
934 3136 1053 3200 obsecro
1081 3154 1120 3198 ac
1148 3153 1254 3199 maaca
1284 3139 1320 3197 ut
1349 3133 1477 3198 coasilia

244 3240 297 3300 tua
390 3257 454 3300 aaa
475 3237 610 3302 multum
631 3237 713 3318 pietat
735 3237 889 3320 arrabipuis
910 3258 966 3302 uec
988 3238 1046 3321 (=
1057 3238 1137 3321 meu)
1155 3236 1274 3301 mimice
1296 3236 1403 3301 credat
1424 3236 1477 3300 iu·

243 3339 427 3404 calamitati.
472 3341 532 3405 VII
555 3343 585 3419 4,
607 3341 642 3404 4:
668 3359 740 3420 rapa
762 3343 799 3401 ut
820 3359 884 3403 uau
906 3339 1019 3403 tabeat
1040 3344 1145 3404 uestra
1166 3339 1286 3403 caritas
1307 3341 1404 3420 fiacm

195 3459 197 3464 ·
240 3445 314 3521 peto
336 3447 373 3504 ut
395 3464 459 3509 uam
481 3442 614 3524 differat
628 3441 742 3506 labere
762 3441 968 3524 principium.
1012 3443 1091 3507 VIII
1107 3443 1157 3521 16,
1172 3445 1209 3507 3:
1232 3441 1387 3521 coepimus
1401 3442 1478 3505 taci-

245 3542 348 3606 turire
370 3543 491 3624 clupliai
519 3565 558 3608 ecc
582 3564 700 3609 causa:
731 3547 768 3607 ut
798 3543 827 3606 si
852 3543 1025 3624 placemus
1049 3563 1159 3625 pauca
1189 3542 1319 3607 lecturis
1348 3543 1479 3608 iuclteut

247 3644 453 3726 uoluptatem:
477 3647 506 3709 si
527 3648 719 3728 refutamur,
742 3668 807 3712 uam
829 3646 964 3712 cuaiteut
985 3643 1086 3710 multa
1107 3645 1286 3727 fastidiam.

330 3749 450 3814 valde
490 3750 624 3832 denique
658 3753 742 3834 quad
776 3754 808 3816 in
841 3753 888 3817 ed.
914 3750 1005 3816 Sirm.
1033 3751 1151 3833 legitur
1185 3751 1282 3815 semel
1315 3749 1331 3814 Ι
1359 3750 1477 3828 7,10;

244 3871 427 3933 quamquam
460 3850 551 3916 aalale
580 3854 726 3933 aequiter
754 3857 910 3918 eaustarct
939 3856 971 3919 in
1001 3853 1048 3920 ed.
1072 3853 1217 3919 Lustiah.
1239 3873 1303 3919 nan
1336 3854 1400 3917 iam
1431 3853 1479 3916 in-

244 3957 383 4030 venitur,
418 3957 473 4022 sed
510 3957 641 4036 legitur:
678 3975 862 4038 quamquam
894 3957 1047 4037 «fateuti»
1077 3954 1223 4037 aequiter
1258 3973 1370 4018 «saue»
1408 3971 1479 4017 aau-

243 4061 348 4122 stare:
378 4079 434 4144 pra
465 4079 526 4142 qua
554 4060 624 4123 adv.
647 4057 739 4121 aalale
767 4059 832 4124 Sid.
863 4062 971 4142 posuit
1001 4061 1100 4126 ferme
1131 4059 1285 4124 vocabula
1312 4055 1480 4138 pueriliter

241 4160 375 4225 multum
390 4160 570 4242 plurimum
593 4159 706 4241 oppila
728 4165 764 4226 ut
778 4161 828 4225 III
846 4164 874 4239 8,
890 4165 927 4229 2:
948 4160 1132 4224 miraudum
1151 4159 1320 4242 pramditer
1341 4178 1405 4224 mou
1427 4159 1477 4226 sit.

241 4265 290 4341 111
314 4266 364 4342 13,
390 4267 424 4331 l:
454 4264 622 4348 prauditer
646 4263 853 4345 ..facetiari
906 4265 951 4328 IV
975 4265 1025 4343 11,
1049 4266 1083 4329 5:
1116 4262 1305 4344 suspiciebat
1327 4261 1411 4326 luue
1429 4282 1478 4344 pr.

240 4366 286 4431 IV
305 4369 351 4445 17,
366 4370 406 4433 2:
428 4387 476 4450 9ν.
501 4366 608 4434 laetor.
653 4366 699 4431 IV
718 4367 769 4447 24,
789 4371 827 4434 6:
849 4366 927 4446 flere
947 4387 994 4450 pr.
1037 4367 1065 4432 V
1086 4369 1116 4446 6,
1137 4369 1175 4432 I:
1196 4386 1242 4449 pr.
1264 4365 1477 4447 afficiebatur.

242 4469 288 4534 VI
313 4471 343 4550 7,
366 4473 405 4534 2;
439 4490 495 4553 pr„
515 4470 644 4534 obsecra.
692 4471 770 4536 VIII
794 4474 822 4554 6,
845 4474 885 4536 9:
917 4489 964 4553 pr.
1043 4469 1134 4534 ualet.
1191 4469 1268 4535 VIII
1293 4471 1401 4548 10,1:
1429 4487 1478 4550 pr.
