3496 4924
862 328 946 410 64

355 535 491 580 eccum
527 514 569 578 IV
592 517 620 592 4,
650 515 680 579 1:
722 533 824 578 eccum
856 514 904 578 uel
938 515 1064 578 tandem
1095 515 1184 578 adest
1213 514 1383 594 promissio
1412 503 1495 591 mea,

269 616 441 698 expectatio
462 619 575 692 cestra,
598 616 779 680 Faustinus
802 616 903 700 (Neue
926 619 958 682 ΙΙ
982 616 1067 698 814).

356 723 396 784 st
417 740 481 803 'pro
504 739 571 782 curu
596 719 627 785 II
650 721 679 799 9,
703 721 738 784 4:
761 719 816 782 oin
838 721 1048 801 quodcumque
1068 719 1254 784 uestibulum
1281 719 1439 784 intratum
1467 724 1497 784 et

269 839 333 883 ecce
348 869 354 882 .
367 868 372 882 .
387 870 393 882 .
410 821 665 901 duplicabantur.
683 823 733 886 ¹Vl
749 823 778 900 7,
793 822 849 886 1οε
872 822 1078 902 Epiphanius
1093 827 1193 886 uester
1206 824 1260 886 cia
1275 823 1496 903 suprascripta

262 928 475 1004 peraraverat
494 928 523 988 et
544 926 729 988 nuntiatum
746 929 791 988 est
804 973 809 988 .
822 974 844 988 ..
858 926 886 1004 7,
897 927 953 989 22:
976 924 1156 1007 Tepeaticus
1170 925 1272 988 Arcas
1291 925 1343 989 circ
1366 929 1495 1008 cantrpt

268 1048 364 1091 arca:
392 1028 445 1102 ,Iu
467 1031 528 1091 tcto
548 1028 705 1090 descendit
726 1049 783 1092 acc
807 1029 863 1110 (z
886 1027 1027 1110 Atlante)
1052 1028 1122 1112 (cfr.
1146 1032 1260 1112 Draeg.
1285 1030 1372 1094 1126
1390 1027 1459 1112 sq.).

354 1133 536 1196 forsitan
569 1133 695 1216 616637
724 1152 763 1195 66
791 1133 820 1194 si
849 1131 914 1194 nisi
940 1133 1013 1196 VIII
1044 1133 1073 1211 1,
1097 1134 1130 1198 2:
1163 1131 1237 1214 plus
1259 1131 1430 1195 cauendum
1452 1135 1497 1194 est

268 1254 308 1297 ne
381 1235 417 1297 in
431 1233 555 1315 aliquas
575 1235 716 1314 forsitan
737 1235 915 1298 incidamus
932 1235 1137 1318 vituperones.
1173 1238 1200 1312 7,
1216 1236 1291 1300 305:
1315 1235 1344 1298 sl
1357 1235 1497 1314 forsitan
1548 1299 1553 1306 ,

267 1355 424 1417 umquam.
436 1337 564 1401 Vincere
586 1339 754 1420 cantiupat.
802 1339 830 1414 7,
853 1339 933 1403 482:
956 1339 985 1400 si
1006 1339 1146 1418 forsitan
1167 1337 1269 1400 altrirc
1291 1337 1332 1400 Te
1354 1337 1433 1400 mitri

269 1439 452 1503 lactandum
479 1439 607 1504 tolleret.
653 1442 730 1506 VIII
754 1445 787 1520 6,
808 1441 867 1506 12:
901 1441 967 1504 uisi
995 1441 1135 1520 forsitan
1166 1441 1241 1503 dum
1264 1441 1320 1504 till
1341 1459 1379 1502 aa
1403 1441 1497 1520 patri

268 1546 375 1606 noster
395 1543 598 1624 Apollinaris
624 1545 794 1609 interuenit
822 1531 939 1608 rectius
963 1545 1019 1624 fiet
1048 1545 1150 1624 (Neue
1182 1542 1298 1608 11674
1330 1547 1361 1609 61
1385 1544 1497 1609 (161663

268 1668 297 1730 p.
321 1647 408 1729 433).
994 1647 995 1650 ’

355 1750 388 1832 b)
417 1756 568 1833 sequente
602 1753 771 1818 indicativa
795 1753 856 1816 VII
887 1752 937 1830 14,
970 1755 1007 1816 5:
1028 1750 1182 1831 'fordiam
1211 1749 1402 1833 praeferunt
1435 1750 1497 1813 uim

269 1852 405 1916 uidendi.
445 1855 524 1918 VIII
542 1855 570 1932 9,
589 1853 620 1918 l:
644 1854 784 1934 forsitan
805 1854 971 1917 satiricum
992 1852 1075 1917 illud
1096 1853 1133 1918 de
1156 1853 1284 1916 satirica
1306 1873 1371 1917 non
1395 1871 1497 1916 recor·

269 1955 367 2018 daris.
406 1955 484 2020 VIII
496 1956 590 2036 14,8;
612 1957 753 2036 forsitan
774 1977 838 2020 non
860 1956 1006 2021 calemus.
1038 1957 1083 2022 IX
1099 1957 1127 2035 1,
1143 1961 1178 2021 3;
1195 1956 1339 2036 forsitan
1355 1955 1495 2038 (nudus)

268 2077 333 2122 nan
351 2061 454 2138 potest
474 2059 552 2138 pani
574 2064 648 2126 cett.
673 2058 742 2143 (cfr.
766 2063 898 2126 Kuhner
924 2060 952 2123 11
977 2061 1063 2143 614).

356 2165 541 2228 hactenus
576 2167 607 2228 ct
636 2166 836 2248 hucusque
867 2166 904 2229 de
934 2170 1088 2248 tempore:
1119 2162 1271 2226 tractorias
1294 2162 1308 2225 I
1332 2165 1361 2238 3,
1386 2164 1414 2226 2.
1447 2163 1496 2227 III

271 2269 298 2342 6,
321 2269 349 2329 3.
373 2267 416 2330 IV
441 2265 489 2344 18,
512 2267 541 2329 4.
568 2266 609 2331 VI
632 2270 660 2346 3,
686 2269 713 2331 1.
739 2267 794 2330 711
815 2268 888 2348 sc.
919 2267 973 2330 711
993 2267 1088 2343 ale.
1114 2267 1171 2330 VII
1197 2266 1291 2345 13,1.
1323 2265 1506 2343 v111e,1..

269 2366 353 2432 VIII
377 2370 447 2446 7,3
476 2368 581 2454 (Verg.
610 2370 663 2436 Ov.
698 2373 759 2435 Liv.
791 2373 871 2437 sur.
904 2370 1000 2453 6671).
1046 2369 1207 2450 lucusque
1239 2370 1306 2446 13,
1330 2370 1367 2433 2:
1397 2367 1497 2450 ipitur

269 2475 462 2560 uenerantur
494 2471 651 2554 lucusque
683 2477 897 2554 contemptam.
945 2474 989 2538 IV
1013 2477 1041 2550 7,
1065 2476 1100 2536 2:
1134 2491 1172 2535 ac
1198 2473 1226 2535 si
1254 2472 1338 2534 inter
1367 2471 1496 2552 Apicios

269 2573 416 2653 epulones
446 2578 476 2637 et
498 2576 698 2656 Byzantinos
725 2575 978 2640 chironomuntas
1008 2575 1166 2656 trususque
1195 2575 1375 2639 ructaverit.
1421 2572 1496 2638 VIII
1522 2595 1525 2608 ·

271 2677 320 2752 13,
344 2678 378 2740 2:
400 2679 490 2758 patui
512 2678 744 2741 taciturnitatis
765 2677 923 2759 lucusque
946 2678 1071 2758 culpari
1094 2678 1208 2762 (Capit.
1228 2681 1309 2743 Max.
1332 2681 1419 2743 Balb.
1442 2677 1497 2742 16:

269 2779 378 2842 domem
400 2779 536 2843 Balbini
557 2781 738 2845 etiamnunc
759 2779 877 2844 Romae
899 2782 1083 2857 ostenditur,
1106 2801 1223 2864 nrupna
1316 2784 1346 2844 el
1367 2780 1406 2843 alr
1429 2780 1497 2843 cius

268 2881 397 2962 familia
420 2881 578 2964 lucusque
594 2903 750 2964 possessa.
775 2907 885 2970 paneg.
905 2883 957 2949 HI
981 2884 1020 2948 18
1043 2887 1084 2949 in.
1100 2885 1181 2947 sicut
1202 2883 1361 2964 lucusque
1376 2884 1497 2965 fecistis

270 2987 330 3050 cfr..
348 2987 489 3052 Paucker
511 2995 642 3053 scruter.
664 3010 692 3072 p.
715 2991 765 3054 65.
790 2991 916 3053 Hieron.
942 3009 989 3070 ep.
1008 2987 1079 3063 147,
1100 2987 1131 3050 7:
1155 3007 1171 3050 o
1194 2986 1275 3050 diem
1296 2985 1390 3049 illum
1412 2987 1497 3050 omni

269 3087 485 3153 maledictione
512 3089 732 3172 dipnissimum
761 3091 796 3154 iu
823 3111 883 3171 qua
912 3088 1065 3168 epistulas
1091 3088 1167 3152 illas
1190 3093 1263 3152 tuas
1281 3109 1361 3170 quas
1384 3088 1497 3152 lucus-

269 3211 328 3270 que
355 3193 526 3256 retinemus
555 3196 754 3256 consternata
787 3195 888 3256 mente
921 3191 990 3273 7697.
1047 3192 1156 3259 Claud.
1184 3195 1217 3284 ir]
1244 3193 1347 3258 Rufin.
1374 3193 1391 3256 Ι
1419 3193 1496 3258 267ε

268 3292 428 3374 lucusque
449 3295 591 3358 minatus
611 3295 760 3360 76666767
783 3297 846 3378 ...1.

355 3399 441 3464 hino
465 3403 497 3464 et
519 3401 639 3465 istinc
667 3422 731 3466 non
756 3403 792 3466 de
817 3403 883 3465 loco
907 3401 961 3464 se'd
985 3401 1139 3464 translato
1162 3397 1199 3460 de
1221 3396 1271 3459 tris
1294 3400 1343 3463 vel
1366 3397 1403 3460 de
1422 3397 1497 3466 ,istis

268 3500 360 3564 relus
383 3505 419 3566 ut
441 3501 459 3568 I
480 3503 509 3580 4,
533 3506 568 3568 3:
596 3503 651 3567 sed
671 3501 745 3566 linc
766 3503 843 3582 quia
865 3503 962 3564 istaec
983 3501 1070 3565 satis
1114 3499 1149 3564 Π
1173 3501 1201 3580 2,
1226 3500 1277 3566 12ε
1308 3500 1387 3580 quid
1415 3500 1497 3564 enim

268 3603 342 3666 linc
370 3605 592 3686 coupruentius
624 3606 768 3669 dinerim.
823 3606 871 3670 III
897 3607 944 3682 11,
969 3605 1002 3667 2:
1038 3603 1092 3666 sed
1128 3606 1233 3666 tamen
1268 3601 1342 3666 linc
1450 3602 1498 3666 cel

268 3726 416 3770 rnaaume
438 3710 499 3770 este
520 3708 631 3770 securi.
675 3709 722 3772 IV
747 3709 796 3786 18,
821 3711 855 3772 5:
886 3707 941 3770 sed
961 3705 1040 3786 auid
1069 3705 1142 3768 linc
1163 3706 1310 3790 amplius.
1356 3709 1436 3785 V6,
1460 3707 1496 3769 2:

269 3810 298 3873 si
325 3810 404 3890 quid
435 3809 508 3874 trine
542 3811 600 3873 libi
632 3811 757 3890 tuisque
788 3811 977 3892 suspicionis
1011 3809 1176 3872 incutitur.
1233 3832 1257 3876 c.
1282 3811 1323 3875 14
1353 3831 1399 3895 ep.
1423 3809 1439 3891 ᾖ
1464 3809 1496 3873 2:

269 3914 390 3976 nouerit
478 3912 561 3976 nitril
582 3913 708 3978 omnino
729 3934 762 3977 36
782 3918 840 3977 667
863 3917 943 3977 certe
965 3933 1029 3978 non
1050 3912 1095 3976 ad
1114 3933 1215 3976 assem
1230 3913 1362 3978 Latiari
1385 3912 1496 3994 liupua

268 4016 342 4080 linc
357 4036 451 4096 passe
473 4017 633 4080 disserere.
676 4017 706 4080 ll
732 4021 779 4096 10,
798 4020 818 4081 2
842 4022 873 4083 61
896 4015 948 4080 ΠΙ
971 4017 1000 4094 4,
1025 4018 1059 4080 2:
1082 4016 1136 4078 sed
1157 4015 1252 4078 istinc
1273 4015 1358 4079 alias
1374 4015 1495 4100 (Claud.

270 4121 364 4184 Mam.
388 4123 435 4184 ed.
459 4121 605 4202 Engelbr.
629 4122 679 4199 33,
703 4123 739 4185 2:
763 4121 818 4184 sed
838 4119 912 4182 irinc
926 4119 1134 4200 postmodum,
1165 4119 1202 4182 de
1229 4119 1346 4198 affectu
1368 4117 1497 4181 iuterim

269 4221 469 4286 disseramus.
505 4223 643 4302 123,18:
666 4224 720 4286 sed
741 4223 814 4286 linc
832 4221 925 4285 alias.
960 4222 1011 4296 31,
1026 4224 1062 4287 6:
1084 4222 1139 4285 sed
1154 4221 1352 4285 istincalias.
1386 4223 1495 4287 eadem

269 4327 386 4391 locutio
409 4324 482 4388 trine
503 4325 588 4388 alias
610 4329 797 4411 compluries
814 4347 861 4412 ap.
878 4327 997 4392 Ennod.
1014 4326 1140 4408 legItur,
1164 4317 1260 4388 istinc
1281 4323 1365 4388 alias
1391 4325 1496 4391 semel.

270 4430 352 4494 Salv.
375 4431 447 4510 gub.
474 4430 510 4492 D.
533 4428 580 4494 VI
602 4429 658 4494 54:
686 4428 769 4492 nilril
797 4429 880 4492 euim
907 4428 980 4492 triac
1002 4431 1071 4492 erat
1093 4427 1156 4510 lepe
1172 4431 1387 4510 praeceptum.
1431 4425 1496 4494 VII
