3496 4924
845 341 886 408 91

252 533 420 598 nenduru.
472 533 516 597 IV
542 533 591 610 15,
615 531 653 596 2:
688 533 832 613 optamus
860 531 897 592 nt
925 526 995 592 Deo
1024 531 1131 592 nostro
1155 547 1213 610 per
1241 525 1352 590 uberes
1380 543 1482 587 annos

252 636 334 700 sieut
360 639 433 699 vota
461 633 605 714 redditis,
638 634 686 696 ita
714 631 915 696 reddenda
944 630 1124 696 voveatis,
1184 631 1228 694 IV
1253 629 1302 706 18,
1333 629 1368 692 ὅτ
1405 647 1483 708 quos

253 738 394 822 (versus)
420 736 495 800 tenio
517 735 653 800 eormtni
679 735 809 800 ienitate
837 732 1105 818 adaequandos
1126 731 1211 812 falso
1237 729 1401 814 putabis.
1454 731 1500 793 V'

253 842 304 920 19,
330 844 364 905 l:
395 839 461 904 nisi
486 838 635 922 protinus
657 838 781 902 soissen
811 841 840 902 te
862 836 1028 901 nescisse
1049 834 1277 916 faciendum.
1328 833 1373 896 VI
1396 832 1425 910 2,
1448 833 1481 895 4:

252 941 551 1026 suspicoroobis
579 961 678 1004 unam
714 939 1050 1024 pronuntiandam
1086 937 1210 1002 donnum
1249 934 1481 998 discordiosam.

254 1047 331 1111 VIII
354 1048 382 1124 4,
405 1049 441 1110 3:
472 1043 607 1122 ninnium
628 1043 841 1108 meminisse
862 1046 974 1108 nostro
998 1043 1218 1124 postmortem
1239 1057 1304 1102 non
1332 1035 1482 1120 opuseuta

252 1149 308 1212 sed
323 1168 419 1232 opero
432 1149 644 1232 pensanda.
677 1147 755 1213 VIII
772 1150 822 1224 14,
834 1150 870 1212 3:
892 1143 1063 1227 quamlibet
1077 1143 1336 1224 interemptorum
1351 1139 1482 1203 ereda·

252 1271 332 1316 rnus
352 1249 603 1339 absolvendas
624 1250 760 1314 animas.
804 1250 851 1316 IX
874 1252 902 1327 8,
925 1253 959 1314 2:
992 1245 1149 1330 praeisse
1171 1243 1318 1308 eoelestia
1341 1292 1367 1308 ..
1390 1261 1482 1325 spo·

251 1354 470 1437 panderunt
497 1353 583 1434 filios
604 1351 670 1417 Dei
691 1353 728 1416 de
750 1351 934 1420 nationibus
956 1347 1247 1432 oonprepandos.
1304 1346 1350 1412 111
1375 1348 1425 1424 13,
1448 1349 1482 1410 2:
1559 1393 1562 1398 ,

253 1455 281 1519 si
303 1459 514 1538 repaturus
533 1460 579 1519 est
665 1455 694 1519 si
715 1454 921 1538 repandus.
969 1452 1165 1532 71116,14;
1189 1450 1340 1532 quonian
1361 1448 1433 1531 ipsa
1454 1448 1484 1512 si

253 1561 319 1640 qua
340 1561 505 1641 tenpestas
533 1561 580 1621 est
607 1557 668 1632 true
695 1577 819 1622 seonros
843 1556 944 1638 efficit
972 1554 1224 1638 oeeupundos,
1256 1551 1318 1616 tene
1344 1550 1484 1635 prospici

253 1664 336 1724 vetat
356 1663 615 1750 ooeupatnros.
653 1663 714 1726 VII
730 1661 758 1740 7,
774 1663 809 1726 6:
830 1662 946 1742 parate
969 1707 996 1726 ..
1014 1657 1216 1741 capiendis
1232 1654 1482 1737 redemptionem,

252 1763 403 1828 viotieuru
418 1763 751 1844 pereprinaturis.
798 1765 825 1828 V
848 1763 898 1841 17,
917 1764 952 1828 3:
976 1759 1064 1824 euttu
1081 1763 1211 1842 peraeto
1233 1757 1419 1841 vipitioruru

252 1865 289 1929 in
310 1854 436 1929 divense
457 1865 646 1940 seoess'unus,
668 1885 733 1930 non
745 1864 861 1954 praeut
883 1869 997 1942 tannen,
1020 1867 1126 1944 utpote
1148 1863 1192 1926 ad
1213 1861 1340 1925 tertiani
1353 1863 1483 1940 pruesto

252 1966 399 2047 futuri,
423 1987 493 2032 eurn
515 1968 725 2033 sacerdotibus
746 1989 797 2032 res
819 1968 929 2032 divina
951 1967 1132 2048 faeiendo
1156 1967 1211 2046 (eo.
1227 1969 1310 2032 esset
1331 1990 1372 2020 =
1393 1963 1485 2044 fieret

252 2092 308 2154 pro
338 2074 417 2138 voni.
447 2072 520 2152 fut.)
544 2057 546 2062 ¹
571 2072 603 2137 ΙΙ
626 2072 676 2150 10,
701 2075 733 2136 5;
762 2091 862 2152 neque
889 2069 1031 2154 potiaris
1060 2073 1097 2132 ut
1119 2073 1148 2133 te
1177 2069 1216 2133 ab
1242 2067 1297 2132 hoe
1320 2067 1484 2147 proposito

247 2173 469 2256 propediem
491 2174 658 2238 eoniunn
675 2172 817 2238 domun
838 2173 974 2255 feliciter
995 2157 1167 2237 dueenda
1188 2171 1339 2250 deflectat.
1384 2171 1426 2236 IV
1453 2172 1482 2248 7,

180 2327 181 2332 η
254 2278 289 2343 1:
319 2276 356 2340 id
375 2276 481 2357 ipsura
501 2279 571 2340 erat
592 2275 702 2356 utique
723 2275 754 2339 si
774 2277 922 2340 taenisset
943 2276 1120 2340 orandas.
1165 2274 1298 2352 2117:
1329 2272 1485 2354 Astpapes

256 2378 338 2463 Opro
352 2378 562 2460 pellendus
586 2378 671 2459 forte
692 2379 807 2458 nepoti.
852 2383 881 2458 9,
904 2379 982 2444 117:
1011 2397 1068 2441 neo
1089 2377 1182 2458 Frpu
1197 2380 1313 2456 postor
1343 2375 1406 2439 erit
1427 2374 1484 2438 tibi

253 2482 496 2566 Iependus'eett.
542 2483 668 2560 (thuer
696 2504 726 2567 p.
757 2483 819 2548 387
843 2501 889 2566 sq.
920 2484 960 2548 25
992 2483 1134 2567 exempla
1156 2480 1403 2563 Hieronymieua
1434 2499 1484 2544 re·

254 2585 399 2671 censuit).
444 2669 445 2672 Ἴ

624 2824 721 2907 ses.
765 2825 818 2890 ne
841 2789 1013 2892 inunum
1035 2843 1112 2894 usu.

340 2999 426 3062 Nihil
448 2998 565 3090 morati
586 2998 619 3061 in
642 2998 796 3064 infinitivo
828 2999 904 3082 pert.
926 2998 1073 3064 eoristieo
1104 3017 1159 3080 pro
1182 2996 1359 3080 praesentis
1382 2996 1484 3077 posito

255 3100 346 3165 euius
370 3102 532 3183 eomplure
554 3103 695 3184 exempla
710 3121 772 3166 uon
794 3101 888 3168 modo
911 3103 945 3166 in
960 3120 1089 3166 earmm.
1105 3101 1160 3166 sed
1176 3099 1274 3165 etiam
1295 3099 1328 3162 iu
1352 3117 1419 3181 epp.
1435 3116 1486 3162 ex·

255 3205 327 3268 taut
342 3205 379 3268 ut
399 3199 489 3280 siesse
505 3201 630 3281 perisse
651 3207 717 3278 est;
738 3204 790 3267 oui
811 3223 931 3284 semper
952 3203 1084 3267 Avitum
1106 3201 1229 3268 Sertori
1250 3199 1380 3265 crevisse
1399 3199 1485 3281 fuit;
1515 3271 1516 3276 γ

255 3306 324 3384 16,
346 3305 382 3370 4:
416 3323 477 3385 quo
499 3307 617 3384 spectat
639 3308 704 3368 taur
725 3303 902 3386 faeculento
926 3306 1160 3386 patrimonium
1186 3302 1376 3384 promovisse
1405 3320 1484 3365 eonv-
1543 3291 1547 3297 ’

249 3407 368 3487 pendio
401 3411 430 3471 et
451 3428 516 3472 non
536 3406 637 3496 sotum
658 3407 742 3472 inter
764 3407 828 3472 isto
857 3409 912 3472 sed
931 3408 1015 3490 quod
1042 3413 1088 3473 est
1109 3407 1238 3487 turpius
1264 3408 1395 3486 propter
1421 3405 1486 3466 ista

257 3509 390 3592 latuisse
411 3511 497 3596 etII
519 3513 549 3589 2,
573 3515 608 3576 7:
637 3531 687 3576 eos
708 3510 908 3595 (versieutos)
931 3529 986 3575 nee
1014 3510 1158 3592 retepisse
1179 3507 1333 3572 desiderio
1363 3499 1408 3570 est
1430 3526 1486 3570 nee

217 3687 222 3690 ,
252 3612 424 3696 pertepisse
445 3612 577 3694 fastidio
600 3619 674 3680 eett.
695 3635 797 3698 neque
819 3617 851 3680 iu
875 3617 919 3682 eie
942 3615 1115 3681 enuntietiS
1138 3632 1270 3696 quorum
1293 3617 1325 3677 et
1344 3613 1486 3678 subiecta

213 3719 215 3722 ’
255 3721 289 3783 et
311 3717 493 3801 praediuite
507 3717 655 3782 infinitivi
678 3720 752 3783 sunt
768 3721 804 3783 ut
825 3721 967 3784 looorum
981 3719 1179 3802 poeticorum
1196 3735 1293 3801 supra
1308 3717 1485 3782 adlatarum

257 3824 290 3885 et
313 3819 391 3883 VIII
414 3821 442 3897 7,
466 3821 503 3883 2:
536 3818 582 3881 sio
603 3818 690 3909 vitiis
710 3823 748 3882 ut
770 3819 892 3884 divitiis
921 3820 1105 3884 iueubantes
1126 3819 1236 3884 volunt
1256 3815 1411 3881 vanitatis
1439 3815 1485 3878 vi-

257 3920 327 3986 deri
351 3919 492 3984 atienarn
521 3920 698 3984 surrexisse
722 3918 1005 4002 personarumve
1032 3923 1137 3988 nolint
1166 3919 1351 4002 eupiditotis
1380 3919 1488 3983 noturi

256 4043 348 4088 suan
378 4023 509 4088 crevisse
538 4024 750 4088 substantiam
780 4027 945 4091 attulimus
975 4046 1074 4092 unum
1103 4029 1209 4092 lovum
1249 4026 1298 4102 15,
1330 4023 1390 4088 107
1423 4043 1486 4106 eq.:

256 4128 352 4192 tertia
375 4127 543 4211 (essentia)
562 4127 610 4190 sit
624 4145 776 4207 peeoruru
797 4148 929 4209 aunum
951 4146 1016 4192 esse
1030 4132 1061 4191 et
1081 4127 1184 4191 vivere
1205 4131 1290 4192 nootn
1305 4124 1381 4190 Non
1402 4131 1488 4190 earet

256 4234 286 4294 et
303 4250 397 4295 seusu
412 4236 541 4316 propter
556 4233 737 4314 genetivum
755 4234 793 4297 ab
809 4233 965 4298 infinitivo
981 4233 1186 4317 pendentem:
1203 4233 1292 4298 euius
1308 4234 1487 4297 structurae

257 4337 394 4411 alterum
421 4338 515 4430 extet
536 4331 716 4421 exemplum
738 4335 807 4402 Vel.
830 4337 912 4401 Max.
935 4336 997 4402 VII
1020 4336 1048 4415 3,
1072 4338 1106 4402 7:
1136 4334 1227 4398 euius
1248 4355 1312 4400 non
1337 4333 1489 4397 dinieore

255 4437 378 4502 vineere
398 4436 473 4517 tuit.
