3496 4924
874 301 915 362 66

281 507 396 552 soere
412 486 502 564 1119,
517 487 550 549 1:
570 504 628 567 pro
644 482 745 566 cnlpis
761 483 877 546 alicnis
889 481 997 566 (Aug.)
1030 485 1243 565 gratulari
1258 484 1304 547 IV
1316 485 1365 557 24,
1377 483 1414 547 4:
1436 503 1510 564 qra-

205 656 211 661 ,
280 587 382 652 tnlori
395 607 443 650 ne
456 606 514 669 pro
530 587 582 650 sni
597 591 700 649 statne
713 587 801 669 aspice
817 585 972 664 confirmo.
990 584 1182 670 (PlinMin.)
1203 585 1369 670 *pallere
1386 587 1509 652 nistra.

282 693 443 775 *pavere
460 691 504 756 IX
517 690 617 767 lna:
638 688 716 752 anili
730 709 788 771 pro
804 692 833 750 te
850 688 988 770 paventi.
1020 689 1236 771 *trepidare
1267 691 1295 766 5,
1312 688 1391 752 189:
1415 688 1511 772 trepi-

280 793 362 857 olons
375 813 434 877 pro
449 792 535 872 fasce
547 791 705 855 Meteone.
738 792 903 858 *maeror
925 791 1001 854 VIII
1012 793 1040 869 6,
1055 794 1111 856 16;
1132 810 1191 872 pro
1213 790 1372 856 sodalibus
1385 839 1391 852 .
1403 839 1410 853 .
1423 840 1429 852 .
1444 791 1509 871 fce-

279 899 411 977 6666166
424 895 586 958 inentinnt
602 899 631 957 et
646 898 717 957 tnta
731 914 911 958 16666666.
944 915 991 958 66
1001 895 1038 957 xi
1047 915 1092 960 us
1115 895 1144 958 V
1159 897 1188 971 6,
1209 897 1245 957 1:
1266 913 1325 976 pro
1348 897 1377 956 to
1390 913 1508 976 porncn

278 999 387 1062 ninas
411 998 532 1061 ennias
564 997 633 1080 (Ov.
657 1001 689 1063 et
711 999 790 1062 Plin.
818 995 920 1078 Min).
979 997 994 1030 *
1027 998 1194 1079 rapidus
1218 997 1244 1061 V
1268 999 1297 1074 3,
1322 998 1359 1062 l:
1389 996 1511 1079 trepido

278 1121 337 1184 nro
359 1099 443 1164 nobis
464 1099 667 1184 66166106.
692 1105 765 1168 met.
789 1103 817 1180 9,
844 1100 920 1166 107:
959 1098 1153 1181 intrepidam
1179 1119 1239 1182 pro
1261 1098 1313 1184 se).
1364 1122 1421 1184 pro
1450 1121 1511 1184 qua

281 1207 443 1271 structura
472 1205 599 1269 dativus
630 1225 678 1288 ap.
701 1207 775 1269 vett.
806 1206 979 1287 usurpatus
1001 1223 1050 1288 ap.
1081 1204 1143 1268 Sid.
1178 1224 1301 1286 quoque
1332 1205 1447 1286 legitur
1477 1207 1512 1268 ut

282 1307 360 1371 VIII
382 1309 410 1385 6,
435 1308 489 1371 17:
520 1304 570 1369 lis
591 1325 668 1386 qnos
689 1304 828 1387 anplius
850 1304 1012 1386 oliliainns
1032 1303 1106 1387 plns
1128 1305 1272 1368 limenas
1295 1311 1389 1389 etque
1411 1309 1510 1372 inter-

145 1451 169 1504 '.
281 1410 358 1474 dum
387 1410 606 1492 ambiguitatis
636 1410 784 1476 vitandae
818 1411 864 1473 vel
894 1410 987 1474 metri
1016 1429 1129 1474 caussa
1157 1413 1190 1473 in
1221 1411 1331 1474 eadem
1354 1411 1512 1475 sententia

280 1516 416 1594 utraque
439 1515 600 1578 structura
628 1515 716 1578 extat
746 1516 782 1576 ut
803 1513 849 1576 IX
873 1512 913 1577 14
943 1513 1046 1595 prima
1068 1514 1284 1596 paragraphus
1309 1514 1424 1582 desinit
1451 1514 1511 1578 sio:

280 1633 398 1696 nocane
412 1614 532 1696 possis.
544 1663 550 1676 .
564 1613 621 1678 tibi
643 1614 760 1690 tinrere,
785 1616 885 1680 altera
901 1617 1095 1697 subsequens
1111 1617 1238 1698 Incipit:
1262 1614 1317 1678 secl
1329 1612 1419 1677 Dens
1433 1614 1512 1677 initi

281 1735 339 1800 pro
362 1720 391 1780 te
412 1717 639 1799 ponenti-et
662 1717 711 1795 15,
738 1719 797 1782 172
822 1738 866 1800 sq.
893 1719 1025 1800 legitur:
1057 1711 1195 1800 aspicias
1218 1716 1309 1780 illan
1330 1717 1390 1780 sibi
1409 1737 1512 1800 porco

254 1825 444 1904 ‘ponentem
465 1821 512 1884 Et
532 1841 590 1904 pro
613 1820 740 1883 dimisso
763 1823 888 1882 tontnnc
908 1819 1028 1902 pollere
1050 1821 1174 1883 inanito.

368 1926 396 2006 o)
428 1927 461 1989 in
492 1927 622 1991 oonsilio
654 1924 921 2004 designando-IV
945 1927 973 1999 3,
999 1926 1033 1989 7:
1074 1921 1140 1984 666
1169 1922 1513 1994 sioclsoccosonctos

280 2031 390 2110 patres
410 2047 468 2110 pro
488 2027 719 2110 conparatione
740 2026 889 2090 veniatur
912 2025 1011 2108 (Hier.
1025 2047 1071 2110 ep.
1087 2026 1136 2104 64,
1152 2026 1189 2090 11
1203 2049 1209 2090 :
1232 2025 1299 2089 colo
1312 2045 1371 2108 pro
1384 2025 1512 2108 leyentis

283 2128 441 2209 facilitate
463 2128 553 2193 obnti
575 2148 714 2193 sermone
737 2127 870 2210 anlooto.
913 2131 980 2194 adv.
996 2129 1099 2194 Rufin.
1123 2131 1191 2194 Ie:
1214 2127 1376 2210 Pamphili
1398 2127 1511 2192 lilrnnc

281 2252 340 2315 pro
369 2232 550 2313 defensione
571 2231 726 2314 Ocioenis
778 2235 900 2316 Ampel.
924 2233 970 2296 IX
994 2232 1051 2297 lo:
1079 2235 1203 2313 patrea
1225 2230 1334 2294 cecidit
1355 2251 1413 2314 pro
1436 2251 1512 2294 snae

282 2334 479 2417 aicqinitotis
500 2333 712 2399 observatione
734 2333 812 2415 qnia
835 2334 903 2396 eins
925 2334 1059 2418 cnpidns
1080 2335 1155 2414 fnit.
1207 2335 1278 2400 Rui.
1307 2337 1404 2419 intpr.
1428 2337 1513 2416 Orig.

283 2441 316 2503 in
340 2441 425 2504 exod.
441 2442 525 2504 hom.
548 2440 632 2503 113:
655 2437 788 2501 oranter
807 2434 919 2517 aliana
940 2437 1028 2501 nolis
1048 2457 1106 2519 pro
1130 2437 1272 2500 ecclesiae
1295 2436 1513 2518 certificatione

282 2539 443 2623 pulsanda
465 2543 549 2603 snnt.
595 2541 624 2606 S.
647 2543 719 2606 Ruf.
743 2543 826 2606 brev.
851 2541 887 2604 4:
915 2540 951 2602 in
973 2539 1122 2620 Africano
1143 2559 1201 2621 pro
1223 2539 1402 2620 defensione
1423 2536 1512 2602 Sica-

284 2642 387 2707 16666
409 2643 556 2708 Romana
579 2643 800 2705 transmarino
822 2647 898 2705 sarit
919 2643 1012 2724 siano
1043 2645 1096 2708 ofr.
1122 2643 1233 2708 thzer
1259 2665 1289 2726 p.
1314 2646 1385 2708 343.
1432 2643 1513 2708 Vror.

284 2766 410 2830 perseo.¹
427 2748 527 2811 Vand.
559 2748 592 2812 II
615 2745 664 2826 14,
687 2746 743 2811 41:
776 2749 812 2809 nt
835 2745 886 2809 clio
914 2746 1084 2809 constituto
1107 2765 1171 2825 pro
1197 2745 1410 2826 disputatione
1437 2744 1515 2825 fidei

283 2847 433 2911 veniatur
455 2850 510 2915 ofr-
533 2849 608 2914 Sitti
631 2871 659 2934 p.
683 2849 777 2929 136);
819 2851 908 2915 euius
939 2869 1015 2914 usus
1046 2851 1085 2914 ad
1112 2850 1390 2931 Franoogallorum
1422 2869 1514 2931 prae·

283 2953 448 3036 positionis
469 2972 552 3035 poni·
574 2955 637 3018 vim
661 2955 797 3036 proxime
821 2954 998 3019 aeoedentiS
1022 2970 1122 3036 neque
1138 2953 1278 3034 Draeger
1299 2970 1401 3032 neque
1420 2952 1514 3015 Hand

285 3055 448 3139 (Turseli.)
472 3077 574 3139 neque
598 3051 1155 3138 Georgesmentionemfecerunt.1)

538 3304 637 3385 §tit
682 3303 734 3368 De
757 3303 977 3385 praevertitis
1000 3303 1120 3384 quarti
1142 3320 1259 3368 casus:

368 3443 424 3506 acl
445 3443 630 3521 actaeone
645 3441 760 3520 apua
776 3441 889 3504 circo
906 3445 1012 3506 citro
1027 3442 1146 3518 infra
1164 3442 1275 3504 inter
1290 3443 1515 3520 eapropter

279 3562 405 3624 penes
423 3561 511 3623 per.

372 3648 397 3710 l.
421 3648 467 3711 ad
490 3645 522 3730 6)
545 3643 637 3708 :in
653 3667 678 3711 o.
696 3665 759 3712 aec.
777 3647 837 3726 15,
858 3649 913 3712 ll:
936 3645 1066 3710 necdnrn
1088 3645 1132 3709 oct
1152 3645 1263 3710 mariti
1285 3645 1408 3710 66666
1433 3667 1514 3710 noao

282 3750 386 3830 nnpto
406 3747 564 3829 iniciavit.
608 3749 641 3812 II
657 3749 706 3827 12,
727 3753 763 3814 2:
787 3749 891 3830 ceredi
915 3749 958 3812 acl
978 3747 1131 3811 oillnlorn.
1177 3751 1288 3827 ivre,
1309 3752 1345 3814 1:
1369 3749 1515 3812 sarcinae

283 3849 328 3912 nd
355 3850 524 3933 praediun
551 3871 590 3914 en
619 3851 731 3934 oppido
759 3851 878 3916 clnctoe.
932 3855 961 3930 5,
984 3852 1063 3916 424:
1098 3852 1136 3915 de
1163 3851 1274 3936 palaea
1303 3851 1347 3914 od
1378 3852 1515 3933 cymbam

283 3952 388 4016 rediit.

373 4147 395 4214 ¹)
413 4147 526 4201 Barstus
544 4165 569 4216 p.
592 4152 639 4203 113
658 4149 711 4204 hue
730 4148 823 4204 retulit
843 4153 881 4213 16,
902 4153 950 4204 101
969 4166 1026 4219 sqq.
1053 4165 1101 4204 sen
1119 4155 1142 4202 te
1160 4147 1280 4202 [sicinus
1295 4147 1424 4218 6666666
1442 4164 1513 4202 conz-

281 4231 519 4301 pannormiam
539 4238 578 4286 est
600 4233 662 4297 Qua
685 4240 716 4288 tn
740 4236 800 4288 iam
824 4235 931 4303 fractus
950 4253 1002 4304 pro
1026 4253 1130 4303 nicona
1153 4253 1232 4304 saepo
1254 4235 1341 4303 quiete
1358 4233 1514 4302 Discinnlis

284 4318 387 4372 ancira
403 4317 496 4372 cenis:
516 4335 564 4374 nos
582 4323 672 4373 autem
686 4338 738 4388 nro
756 4321 782 4376 h.
801 4322 819 4376 l.
840 4318 894 4373 dvii
913 4322 1002 4390 potius
1020 4337 1172 4391 essequam
1191 4323 1270 4374 linem
1290 4321 1334 4374 vel
1347 4320 1514 4375 commodum

285 4404 437 4474 significare
456 4420 603 4459 censemus.
