3496 4924
865 353 928 416 104

284 537 399 620 ibid.§
428 539 464 603 8:
493 537 531 600 de
560 536 673 619 bpmno
695 537 725 600 si
750 542 930 620 percontere
955 540 1035 622 qnid
1059 541 1203 618 sentium,
1235 543 1430 606 commaticus
1454 551 1507 610 est.

284 643 345 706 VII
368 642 398 719 9,
423 641 479 706 18:
510 641 539 703 si
559 659 727 724 personam
748 645 1004 708 submersorum
1030 643 1240 709 eonmbosr'ore
1259 663 1435 730 pensemus²
1465 648 1510 736 im

284 743 426 806 bebimus
448 763 517 807 eoru
535 747 639 806 tenere
654 743 738 807 inter
760 743 941 823 spectabiles
956 747 1117 832 principes
1130 745 1250 824 Iooum;
1271 750 1344 814 ibid.
1366 749 1514 824 mermes

182 881 187 895 ,
283 846 353 909 eins
374 849 591 930 computemus,
618 844 709 910 babet
731 846 907 926 efficacium
930 897 957 912 ..
981 848 1010 910 si
1032 847 1157 914 b'tteros
1178 850 1226 914 uel
1248 851 1411 933 trepontum
1440 871 1511 916 ooo·
1595 881 1599 884 ·

283 933 435 1028 feremus,
453 951 561 1012 -eertot
582 953 704 1012 notura
726 948 893 1046 doetrinae,
945 951 1022 1018 VIII
1047 955 1095 1032 11,
1118 956 1150 1019 5:
1169 954 1213 1016 si
1233 953 1399 1022 orationes.
1423 953 1515 1018 oblitos

282 1051 435 1127 metieris
457 1057 531 1115 noer
551 1048 709 1116 rotundus
731 1055 804 1118 oett.

794 1227 999 1239 -.--...,.

372 1343 456 1408 Haeo
470 1343 638 1408 habuimus
654 1365 734 1428 quoe
757 1347 795 1411 de
810 1347 969 1412 latinitate
985 1346 1156 1414 sidoniana
1171 1348 1404 1414 dissereremus.
1448 1351 1512 1414 inm

282 1447 378 1510 finem
400 1449 581 1512 censuimus
610 1447 789 1514 iaciendum
820 1468 888 1514 esse
912 1469 1123 1532 eorumquae
1155 1453 1371 1534 congessimus
1393 1453 1513 1534 exposi-

282 1551 400 1614 tionem
424 1551 527 1621 aliem,
550 1552 586 1614 ut
607 1551 713 1615 Rufini
731 1554 833 1617 verbis
855 1558 992 1630 utamur,
1015 1555 1222 1636 prudentibus
1239 1555 1413 1639 quibusque
1437 1573 1512 1619 eon-

282 1653 439 1718 Ioiendem
454 1656 486 1716 et
501 1654 777 1736 oontemplandem
792 1657 1015 1744 relinquentes.
1053 1656 1167 1740 quibus
1183 1675 1297 1744 porum
1312 1659 1361 1724 vel
1379 1658 1511 1724 nimium
1546 1729 1549 1734 ¹

283 1760 341 1831 est,
364 1756 454 1821 nobis
477 1759 660 1836 Ignosoant3
683 1759 797 1840 quibus
820 1764 925 1822 autem
949 1760 1027 1824 setis
1051 1762 1107 1836 est,
1129 1779 1191 1825 non
1214 1761 1304 1832 nobIs
1328 1761 1382 1827 sed
1405 1761 1512 1824 nobis-

283 1878 356 1922 oum
371 1860 437 1924 Deo
453 1861 571 1940 grotias
587 1861 843 1942 oongretnlontes
859 1864 956 1942 egent
977 1859 1125 1943 (August.
1142 1863 1181 1926 de
1198 1862 1254 1930 oiv.
1268 1863 1327 1927 Dei
1337 1863 1428 1946 XXII
1447 1859 1512 1945 30).

544 2406 791 2482 ADDENDA
818 2409 885 2482 ET
911 2407 1252 2486 OORRIGENDA.

351 2745 393 2798 Ad
411 2743 562 2798 ouemiotes
579 2761 639 2814 pag,
660 2749 691 2800 17
710 2747 777 2800 adde
795 2745 886 2800 Rurie.
905 2746 919 2801 I
937 2749 960 2818 6,
974 2750 1002 2800 2:
1021 2747 1138 2802 animus
1153 2747 1306 2825 memnonis
1324 2749 1510 2804 brumalibus
1569 2811 1574 2819 .

282 2830 410 2900 surisque
427 2831 570 2899 eonfeotns.
800 2852 803 2856 ·

349 2916 582 2970 Deee'roete'sse'mus
600 2934 680 2987 quem
698 2917 796 2988 superi.
815 2935 856 2987 ep.
875 2917 964 2974 Feust
982 2917 1037 2987 legi
1054 2937 1079 2987 p.
1093 2921 1127 2972 30
1146 2919 1266 2978 discimus
1283 2937 1324 2991 ep.
1340 2920 1429 2974 Ruris.
1443 2936 1510 2988 quo·

282 3019 333 3071 qne
352 3002 514 3071 compluries
531 3001 638 3071 legibur.

350 3089 392 3142 Ad
410 3105 468 3157 pag.
487 3091 520 3141 39
538 3089 605 3143 adde
622 3089 723 3157 suuper
740 3106 762 3142 e.
781 3107 836 3144 aee.
856 3091 938 3144 Vult
957 3089 1150 3144 tentissimnm
1167 3096 1206 3144 est
1222 3096 1254 3146 ut
1271 3091 1344 3146 duem
1360 3090 1454 3159 semoto
1467 3091 1510 3145 se‘e

281 3173 395 3242 quisquo
412 3179 538 3226 nostrum
555 3175 680 3226 suecedet
698 3175 777 3242 (Just.
796 3174 866 3228 XIX
886 3181 907 3242 l,
929 3176 961 3242 l).
1078 3186 1079 3189 ’

349 3258 447 3313 Mende
463 3261 553 3312 antem
571 3259 701 3327 quaedam
713 3260 906 3329 typographIea
923 3263 954 3316 nt
965 3260 1064 3330 temps
1082 3278 1108 3330 p.
1121 3264 1154 3315 37
1173 3278 1220 3332 pro
1232 3260 1338 3330 bobrops
1357 3265 1387 3328 et,
1401 3267 1432 3316 tu
1444 3261 1509 3316 telo-

280 3343 360 3398 ribus
377 3360 403 3412 p.
416 3348 450 3399 70
467 3361 515 3415 pro
525 3344 693 3398 tutelaribus
706 3345 876 3416 syllabaeque
891 3363 1031 3416 perperam
1046 3348 1197 3404 disiunctae
1209 3351 1239 3404 ut
1250 3345 1395 3402 odies-tior·
1410 3365 1435 3418 p.
1449 3351 1465 3403 9
1484 3351 1511 3402 et

280 3433 435 3483 strue-imre
452 3448 477 3499 p.
499 3435 531 3485 10
547 3429 627 3485 fenile
645 3430 822 3500 corriguntur.
