3496 4924
833 293 873 359 76

239 479 410 564 deprensas
432 479 553 564 (feras)
583 480 670 546 modo
699 479 844 544 claudere
867 479 1005 544 cassibus
1032 480 1114 544 artis
1141 480 1238 544 Num
1264 484 1344 549 torto
1374 500 1467 564 peue-

239 587 328 646 trare
349 603 435 646 ocra.
485 584 612 662 VIII-6,
638 585 692 648 13:
723 583 808 647 iuter
830 583 939 664 officia
968 603 1054 646 uuae
1083 588 1203 648 nautae
1229 583 1318 648 modo
1345 583 1467 647 militis.

240 687 317 751 VIII
331 689 380 766 11,
400 691 436 753 2:
466 705 552 749 uam
575 685 777 770 Drepanium
799 685 875 763 illis,
897 687 985 750 ucoclo
1004 687 1077 750 istis
1098 687 1242 751 restituis
1263 686 1466 752 Autlceclium.

325 810 415 856 mox
429 819 473 844 =
491 793 558 852 tum
578 793 627 856 vel
649 789 761 854 deiude
783 792 909 869 111,8:
932 809 1064 870 moxque
1085 789 1310 854 subridens
1331 794 1363 856 et
1386 783 1469 856 eom-

240 895 377 974 pluries;
408 881 440 958 in
461 895 593 978 ¹epodosi
621 894 670 958 III
694 894 744 972 13,
769 897 827 960 10:
858 894 887 956 si
908 893 953 956 acl
981 893 1100 957 occulta
1128 893 1342 974 familiarium
1366 892 1469 977 publi·

241 995 343 1060 cauda
366 996 514 1080 temporis
535 996 619 1060 rot-io
640 991 797 1074 sollicitet,
817 1017 890 1060 aroc
909 1017 967 1080 per
989 995 1072 1060 lam
1094 995 1283 1080 Spartacum
1304 1015 1469 1077 qaaecum-

240 1119 299 1180 que
313 1102 388 1163 suat
403 1096 513 1162 clausa
527 1099 737 1180 frauquatur.
781 1121 814 1167 m
824 1121 868 1166 ox
890 1105 935 1166 ut
950 1128 991 1154 =
1006 1104 1042 1164 ul
1058 1100 1198 1184 primam
1217 1102 1265 1166 vel
1280 1099 1470 1182 simulatque

241 1203 273 1283 II
297 1205 324 1280 7,
348 1205 384 1266 2:
406 1221 487 1283 quae
508 1202 699 1267 oeuiuat'iu
721 1203 983 1286 disceptationem,
1015 1223 1087 1267 moso
1107 1206 1144 1266 ut
1165 1203 1324 1284 utrimque
1345 1203 1471 1282 fuerint

242 1305 393 1388 opposita,
417 1305 584 1387 disciaqas.
634 1308 663 1386 6,
688 1307 745 1372 19:
775 1305 910 1389 protulit
930 1311 967 1369 ut
982 1306 1060 1371 'moa
1082 1311 1111 1370 te
1131 1305 1268 1390 patrius,
1292 1305 1469 1389 Sapientia,

242 1413 359 1484 oarteoc,
384 1408 465 1472 Tum
485 1406 581 1490 moqc‘
595 1409 745 1486 oiceruut,
769 1414 798 1472 te
817 1428 886 1473 cum
907 1409 1044 1474 tabuere
1065 1409 1124 1474 clei.
1169 1409 1266 1490 (I'lor.
1284 1410 1366 1474 11-4:
1389 1428 1471 1492 qaae

245 1509 408 1595 (corpora)
438 1531 511 1575 mou
531 1515 568 1575 ut
591 1511 714 1576 caluere
733 1532 853 1596 pupae,
885 1513 993 1577 statim
1022 1513 1057 1576 iu
1088 1513 1232 1578 sudorem
1262 1517 1356 1589 euat;
1385 1515 1470 1597 apud

243 1615 300 1680 Iot.
323 1633 394 1678 moa
417 1633 511 1694 quma
534 1618 566 1681 et
586 1635 659 1678 moa
680 1615 772 1698 cum).
803 1628 805 1639 ²
951 1689 952 1692 Ἴ

329 1739 374 1784 ne
397 1738 469 1784 oum
493 1721 565 1803 post
587 1720 775 1785 adiectivum
797 1719 1018 1800 formidolosus
1039 1721 1071 1786 II
1094 1720 1144 1800 13,
1168 1723 1203 1786 7:
1225 1718 1334 1802 qulam
1355 1719 1471 1800 formi-

244 1819 343 1885 dolosi
365 1820 517 1885 Tantaleo
538 1821 689 1902 sreaubal
707 1823 846 1906 eoceucplo
867 1843 907 1886 ue
926 1823 986 1886 cili
1007 1823 1154 1906 impressi
1167 1842 1226 1906 per
1245 1842 1302 1886 ora
1322 1841 1381 1908 per
1402 1821 1471 1885 oal-

244 1944 324 1988 uera
335 1924 459 1988 eoireut
470 1927 648 2008 legitimum
658 1946 787 2008 prorsus
803 1929 852 2005 sil,
863 1929 957 1993 verbo
967 1928 1111 2011 sperandi
1123 1928 1273 1993 audacius
1287 1928 1472 1992 adiunctum

245 2031 294 2093 est
317 2049 351 2092 ex
375 2031 581 2094 similitudine
605 2034 784 2096 structurae
806 2050 936 2113 sperare
956 2032 993 2092 ut
1022 2032 1089 2110 (cfr.
1112 2031 1246 2095 Ktihner
1267 2028 1303 2092 Π
1325 2027 1402 2110 807)
1424 2025 1472 2093 VI

246 2135 274 2209 6,
298 2131 332 2195 1:
355 2150 488 2213 speruus
510 2152 549 2195 ue
566 2152 656 2197 amor
742 2137 898 2196 toauetar.
943 2153 1037 2216 quem
1064 2136 1170 2198 locum
1199 2135 1299 2219 intpp.
1322 2134 1369 2197 illi
1392 2132 1472 2198 (loll.

245 2237 374 2300 verbum
397 2236 542 2318 sperandi
564 2253 619 2320 per
641 2237 844 2322 εὐφημισμὸν
867 2258 922 2323 pro
946 2238 1039 2303 verbo
1070 2237 1203 2304 timendi
1225 2238 1364 2320 positum
1388 2229 1472 2301 arbi-

246 2339 323 2414 trati
357 2343 539 2404 verterunt:
566 2340 601 2421 je
631 2361 671 2403 ue
707 2341 815 2404 craias
845 2345 1022 2421 quest
1057 2344 1143 2406 extat
1162 2343 1233 2405 ‘hoo
1261 2342 1393 2406 verbum
1422 2359 1475 2423 ap·

247 2441 310 2506 Sid.
340 2442 388 2507 bis
410 2461 468 2523 pro
496 2445 590 2524 verbo
616 2446 748 2510 timendi
771 2447 912 2530 positum
940 2443 1003 2509 VII
1028 2447 1054 2522 7,
1079 2447 1113 2508 6:
1142 2441 1211 2506 alia
1240 2441 1324 2524 reqio
1351 2440 1472 2504 tradita

245 2543 410 2606 seruitium
424 2549 541 2628 sperat,
555 2545 704 2609 Aroerua
718 2546 908 2627 supplicium
925 2550 957 2612 et
973 2550 1001 2624 7,
1014 2550 1092 2612 370:
1114 2545 1318 2608 Aremoricus
1326 2544 1473 2624 piratam

246 2645 385 2711 Sanoua·
399 2651 521 2711 tractus
542 2649 698 2728 sperabat.
743 2671 761 2714 a
784 2635 846 2733 que
862 2649 1026 2716 Gallorum
1048 2651 1308 2734 interpretatione
1325 2649 1473 2731 quoniam

247 2770 284 2816 eo
314 2771 393 2833 quae
417 2755 593 2834 sequuntur
623 2755 811 2838 discrepant,
842 2755 933 2819 Pauli
963 2755 1056 2818 Mohr
1086 2755 1262 2819 sententiae
1292 2771 1387 2835 quem
1414 2771 1473 2816 nos

245 2856 307 2938 ipsi
328 2856 396 2919 eius
419 2857 525 2920 libello
547 2857 688 2922 nondum
710 2859 852 2942 inspecto
875 2859 907 2921 in
930 2857 1057 2922 soidulis
1080 2858 1197 2921 nostris
1211 2856 1473 2938 inscripseromus

248 2960 460 3023 assentiamur
481 2961 535 3042 qui
557 2963 623 3043 p.9
645 2961 692 3026 ito
714 2963 848 3045 explicet
869 2962 953 3025 huno
976 2961 1081 3024 looum
1103 2962 1139 3024 ut
1161 2958 1324 3023 Sidonium
1347 2961 1483 3042 senseat

248 3081 372 3146 sperare
394 3061 463 3142 fore
484 3065 521 3124 at
542 3061 632 3126 illius
658 3083 747 3126 amor
768 3063 829 3128 sibi
850 3061 942 3124 semel
964 3060 1102 3124 tributus
1123 3079 1289 3141 numquam
1309 3080 1408 3141 aeque
1430 3060 1474 3124 lo·

248 3183 353 3227 corum
380 3163 610 3246 louqiuqaitate
632 3185 730 3246 usqae
758 3165 919 3229 alseatiae
949 3165 1163 3228 diuturnitate
1192 3163 1367 3247 minuatur,
1397 3163 1474 3245 quia

247 3265 409 3330 lominum
430 3267 516 3331 iuter
538 3287 570 3330 se
585 3268 705 3331 caritas
726 3267 826 3332 uallis
847 3268 1007 3350 reqiouam
1024 3267 1299 3330 circumscribatur
1320 3266 1473 3331 terminis.

335 3391 427 3450 non,
449 3391 536 3450 nec,
560 3393 699 3455 neque.
749 3373 781 3456 a)
813 3394 890 3438 non
914 3374 1095 3438 odiunotum
1114 3371 1308 3453 imperativis
1330 3372 1380 3435 vel
1402 3390 1474 3436 eon·

250 3476 398 3551 iunctivis
421 3477 630 3543 adhortativis
654 3481 687 3543 ct
710 3479 858 3561 optatIvis
881 3497 936 3560 pro
959 3495 999 3538 ae
1020 3477 1057 3539 ut
1071 3475 1182 3538 lvso.
1196 3476 1230 3538 5:
1252 3472 1475 3555 Euodiumque

248 3576 348 3641 libeas
369 3599 433 3642 uou
454 3599 629 3658 aspernare
650 3579 799 3644 clientem.
843 3581 904 3645 VH
920 3581 948 3657 7,
965 3581 1000 3644 6:
1023 3577 1052 3640 si
1072 3597 1184 3640 murus
1206 3580 1311 3641 moster
1328 3575 1476 3656 aperitur

248 3679 396 3759 tosticus,
421 3702 484 3745 uou
506 3683 549 3744 sit
570 3682 697 3745 clausus
719 3686 819 3746 aester
840 3680 1022 3764 hospitibus.
1068 3684 1097 3758 9,
1118 3681 1198 3745 344;
1221 3700 1291 3744 uou-
1306 3683 1335 3742 te
1357 3682 1476 3743 terreat
1563 3765 1566 3770 Ι

249 3783 299 3847 lcic
327 3783 424 3848 mimis
448 3784 586 3865 peritus.
641 3789 691 3864 23,
722 3789 778 3852 74:
812 3784 867 3848 scol
894 3805 958 3848 uou
986 3783 1061 3847 lciuc
1090 3783 1218 3846 videare
1247 3784 1329 3864 sorte
1360 3782 1474 3862 turpis.

250 3893 425 3954 et-non
448 3910 504 3973 pro
533 3909 608 3952 ueoe
637 3890 681 3954 IV
703 3891 753 3968 23,
777 3893 812 3954 2:
843 3908 915 3971 roqo
939 3907 1009 3969 erqo
1031 3887 1075 3952 sis
1097 3886 1228 3951 clemens
1250 3890 1279 3950 et
1302 3884 1408 3950 Deum
1428 3903 1475 3948 se-

249 4011 347 4073 queus
369 4011 432 4055 uou
454 3991 569 4056 toaleas
658 4013 756 4057 reum.
802 3996 853 4070 22,
879 3994 934 4056 14:
963 3990 1078 4054 ludant
1100 3994 1129 4054 et
1151 3987 1282 4052 tremulo
1304 4007 1368 4051 uou
1389 4007 1475 4051 rum-

248 4099 329 4179 paut
357 4096 481 4158 caalica
516 4095 610 4160 saltu.
664 4118 736 4164 nso
764 4103 797 4163 et
824 4116 958 4180 neque
984 4116 1039 4181 pro
1069 4114 1144 4158 nece
1174 4094 1278 4170 1110,
1307 4095 1342 4157 6:
1376 4091 1476 4173 iqitur

250 4197 390 4262 imumle
412 4218 511 4280 neque
540 4200 630 4282 opaci
650 4203 680 4263 te
708 4199 901 4263 litterariam
922 4217 1032 4262 mrum
1055 4196 1149 4261 turba
1171 4193 1322 4276 depretiet
1347 4193 1476 4274 imperi»

250 4305 362 4367 torum.
419 4303 480 4369 VII
502 4307 531 4383 7,
561 4306 596 4368 6:
637 4302 717 4384 qaia
741 4302 851 4382 potius
885 4301 1033 4384 iquoscitc
1064 4297 1200 4380 afflictis
1234 4317 1291 4362 uec
1322 4297 1477 4378 imputate

250 4404 470 4469 umereutilus.
519 4407 593 4471 VIII
617 4409 666 4485 10,
689 4409 725 4470 4:
748 4405 824 4469 meis
845 4403 966 4468 meclere
989 4402 1195 4486 lanquoribus
1217 4421 1316 4482 aeque
1401 4419 1476 4480 pre·

945 4905 964 4914 -ιιι
1037 4889 1671 4918 ’ῄ--ᾑ
1628 4543 1733 4918 '⁸2l
