3496 4924
576 692 607 774 2.
649 691 702 773 De
727 712 803 774 uso
830 688 1164 793 prooveroiorum.

325 897 421 982 sle.
466 898 518 964 oc
546 897 870 982 paepoooomous
897 896 993 963 sexo
1021 855 1138 962 caus:
1168 897 1218 960 oo
1246 898 1425 978 comque

645 1001 794 1080 oceane
814 1001 864 1063 de
882 1015 987 1078 prae
1005 1015 1093 1078 pro.

345 1142 373 1204 l.
411 1140 456 1204 eb
499 1136 533 1220 s)
561 1139 766 1203 coniunctum
789 1157 862 1202 cum
886 1138 987 1204 verbis
1010 1141 1042 1202 et
1072 1137 1234 1204 adiectivis
1257 1158 1276 1203 e
1299 1139 1413 1221 quibus
1436 1159 1485 1222 ep.

258 1245 358 1308 bonos
396 1244 562 1326 scriptores
596 1242 762 1307 abhorruit
794 1245 832 1305 ut
863 1245 997 1306 mutor
1026 1241 1072 1304 IX
1095 1243 1124 1319 3,
1148 1241 1186 1304 4:
1225 1239 1274 1304 nii
1306 1239 1346 1304 ab
1378 1240 1487 1304 111111

257 1347 399 1408 mutatus
422 1363 485 1424 per
517 1343 705 1407 sacerdotem
736 1343 843 1426 (Verg.
869 1345 1013 1408 Ambros.
1044 1343 1099 1407 cfr.
1128 1340 1209 1425 (ip).
1264 1345 1487 1427 peregrinor

258 1448 332 1514 ibid.
355 1445 594 1526 inchoemusque
616 1449 653 1508 ut
673 1465 695 1508 a
716 1443 836 1508 saecuti
858 1443 958 1508 lucris
980 1444 1024 1507 sic
1045 1463 1164 1525 quoque
1186 1465 1207 1507 a
1227 1443 1487 1528 1111111119νὶ-

256 1548 334 1612 nari
364 1547 489 1632 (Ambe.
513 1550 606 1631 Vulg.
629 1551 714 1631 Aug.
741 1549 797 1613 cfr.
824 1547 883 1630 (ig.
915 1549 1001 1612 Hier.
1025 1567 1071 1632 ep.
1099 1547 1177 1626 108,
1208 1549 1241 1612 l:
1277 1549 1487 1632 percprinata

258 1654 303 1714 cst
325 1671 346 1714 a
366 1647 528 1734 Domino).
573 1651 770 1734 suspendo
802 1653 968 1733 aliquem
991 1652 1033 1715 eb
1062 1653 1190 1734 eliqua
1211 1671 1250 1716 re
1274 1650 1329 1734 (=
1353 1649 1486 1735 deduco)

258 1751 323 1818 VH
346 1757 375 1833 9,
399 1754 457 1818 21:
479 1772 536 1816 nec
557 1752 649 1816 ilium
670 1773 692 1815 a
712 1753 874 1835 proposita
887 1753 1055 1817 devotione
1076 1753 1242 1833 suspendit
1263 1752 1312 1816 cel
1333 1754 1491 1818 tenacitasx

252 1875 368 1922 senum
386 1853 434 1920 oei
450 1856 590 1920 intuitus
608 1854 826 1938 paruulorum.
872 1859 900 1934 7,
924 1859 999 1922 399:
1037 1855 1184 1921 Vesorum
1205 1874 1348 1938 proceres
1369 1857 1488 1937 raptim

257 1959 421 2044 suspendit
447 1959 487 2022 ab
509 1958 562 2023 ira
585 1958 715 2023 Rcmcor.
768 1960 978 2025 dissimilis
1000 1957 1046 2022 IV
1070 1960 1121 2038 24,
1144 1961 1178 2022 3:
1211 1957 1345 2023 multum
1365 1959 1405 2023 ab
1426 1979 1487 2022 an·

258 2061 344 2144 tiqno
366 2061 532 2126 dissimdis
553 2062 677 2126 incessu
699 2061 802 2145 (Loct.
826 2063 979 2147 Porphyr.
1001 2064 1040 2128 cf.
1064 2060 1149 2146 Gg.).

343 2167 377 2246 b)
400 2167 605 2232 coniunctum
627 2185 699 2254 epm
722 2165 882 2248 gerundio·
897 2166 964 2231 sine
992 2185 1104 2230 caussa
1134 2167 1276 2248 graviore
1304 2164 1322 2228 I
1345 2169 1374 2244 2,
1396 2169 1429 2230 5:
1458 2165 1488 2228 si

259 2267 298 2330 ab
320 2265 475 2331 alterutro
497 2267 670 2332 errandum
692 2271 737 2331 cst
759 2272 792 2334 et
813 2267 860 2332 VI
875 2271 904 2346 3,
932 2270 965 2332 l:
995 2287 1059 2331 non
1081 2286 1133 2349 epo
1155 2271 1280 2332 tantum
1299 2269 1361 2332 mei
1381 2269 1486 2331 memi-

259 2390 338 2434 nens
359 2391 423 2434 non
445 2390 515 2436 sum
540 2374 577 2433 ut
597 2392 619 2436 a
640 2371 718 2434 meis
745 2389 948 2454 praesumam
975 2369 1122 2452 partibus
1154 2369 1283 2450 aequati
1309 2371 1487 2452 officiorum

260 2472 349 2538 lance
371 2475 565 2538 certandum.
590 2485 597 2498 ·

344 2578 375 2661 c)
396 2582 585 2662 usurpatum
606 2598 663 2662 pro
686 2579 753 2644 solo
776 2578 912 2644 ablativo
929 2579 978 2643 vel
997 2578 1059 2642 elio
1073 2578 1303 2662 praepositione
1324 2578 1358 2640 in
1376 2596 1487 2642 caussa

259 2681 426 2746 indiounda
448 2683 497 2746 vel
527 2683 738 2746 instrumento
760 2679 836 2746 utI
858 2680 887 2759 4,
910 2684 945 2746 2:
976 2701 997 2743 1
1028 2679 1252 2764 desperatione.
1294 2677 1312 2742 I
1335 2679 1362 2758 7,
1385 2684 1418 2744 2:
1448 2679 1488 2743 ab

259 2781 377 2862 affectu
401 2781 620 2866 profundiore.
672 2780 707 2845 Π
731 2787 757 2862 1,
780 2785 813 2848 2:
842 2804 864 2848 a
882 2787 967 2846 mein
1056 2783 1095 2848 ab
1117 2783 1259 2847 auaritia
1350 2803 1371 2846 a
1401 2783 1487 2866 cupi-

259 2884 359 2948 ditate
383 2905 468 2950 ...a
498 2884 640 2949 vanitate
726 2906 747 2948 1
775 2886 932 2950 iactantia
1012 2886 1051 2948 ab
1074 2886 1280 2968 impudentia.
1326 2886 1355 2952 V
1378 2890 1427 2965 20,
1451 2890 1486 2951 2:

259 2989 298 3052 ab
327 2988 448 3052 ambitu
479 2987 560 3052 ctam
587 2991 701 3071 repant
730 2989 879 3071 sinputos.
924 2987 959 3052 Π
982 2989 1032 3069 10,
1056 2992 1091 3054 3:
1128 2989 1168 3052 ab
1195 2987 1387 3052 hexametris
1411 2989 1487 3052 emi-

259 3091 404 3154 nentium
423 3095 589 3173 poetarum
680 3091 829 3156 basilicae
850 3092 954 3156 latera
975 3091 1162 3158 clarescunt.
1208 3094 1236 3169 5,
1259 3093 1336 3156 338:
1367 3089 1489 3172 inperiti

260 3192 384 3273 serrum
405 3193 472 3256 iam
492 3194 591 3257 nescit
612 3193 652 3257 ab
674 3214 763 3261 auro.
809 3198 837 3273 7,
856 3197 934 3262 298:
958 3193 1070 3260 Gallia
1096 3232 1133 3241 —
1157 3194 1267 3260 Getica
1284 3192 1427 3275 pallebat
1448 3193 1488 3258 ab

259 3295 321 3360 ira.
364 3299 413 3375 11,
437 3297 498 3362 28:
518 3316 613 3376 asper
630 3297 670 3360 ab
688 3297 818 3362 assidm
838 3297 1039 3380 lympharum
1061 3298 1184 3362 uerbere
1200 3317 1330 3378 pumen.
1376 3302 1404 3376 2,
1427 3301 1486 3362 67:

51 3439 54 3442 -
172 3471 179 3475 ,
260 3399 320 3464 1111
353 3403 388 3462 11
417 3399 494 3464 ciois
523 3399 562 3462 ab
591 3399 668 3463 urbe
691 3398 843 3481 Pnocopio
868 3401 1008 3482 penitore
1036 3401 1141 3465 micas.
1187 3407 1216 3479 2,
1236 3403 1316 3466 380:
1349 3394 1417 3462 suis
1438 3398 1489 3463 iic

260 3501 350 3566 nitus
370 3503 410 3566 ab
431 3503 532 3578 armis
552 3507 626 3569 cett.
670 3505 726 3587 qui
753 3524 830 3570 usus
854 3524 872 3569 e
895 3504 957 3570 Cic.
980 3507 1012 3569 et
1034 3505 1121 3570 Caes.
1144 3505 1266 3569 efienus
1288 3506 1322 3567 et
1344 3521 1392 3585 ep.
1416 3505 1487 3568 cett.

262 3607 429 3690 scriptores
451 3608 596 3672 meliores
618 3627 709 3673 rarus
724 3612 890 3692 poetarum
912 3608 1013 3691 magis
1035 3605 1180 3690 proprius
1199 3609 1248 3670 est
1263 3602 1333 3688 (cfr.
1348 3605 1489 3686 Dreeger

259 3708 277 3773 I
299 3710 362 3774 623
386 3711 418 3774 et
440 3711 502 3774 548
525 3705 596 3792 sq).

346 3811 381 3895 d)
404 3814 437 3877 in
466 3814 625 3878 looutione
655 3813 858 3904 insolentiore
885 3811 925 3875 ab
953 3810 1092 3893 euenmlo
1124 3831 1203 3894 quoe
1230 3812 1347 3895 legitur
1377 3813 1488 3892 quater

260 3913 313 3978 III
336 3916 385 3993 12,
409 3916 446 3980 4:
480 3935 520 3978 ne
546 3914 625 3996 qnid
654 3914 690 3978 iu
715 3911 880 3995 posterum
909 3914 1032 3978 casibus
1065 3913 1157 3978 liceat
1183 3933 1260 3995 quos
1287 3914 1326 3977 ab
1349 3911 1488 3994 exempto

260 4017 362 4082 citare
388 4017 530 4081 debcmm
551 4017 607 4101 (=
629 4020 763 4103 exempli
792 4003 912 4092 caussa,
942 4019 1120 4100 exemplum
1146 4018 1215 4082 eliis
1238 4017 1277 4082 ad
1300 4017 1488 4081 imitandum

260 4119 477 4204 proposituri).
522 4123 567 4187 IX
586 4122 636 4199 15,
659 4122 696 4185 1:
720 4119 804 4200 qnod
824 4123 855 4182 ct
875 4119 943 4199 ipse
963 4119 1117 4194 decantes,
1139 4118 1263 4181 mittam
1279 4118 1319 4182 ab
1340 4117 1487 4198 cuempio.

261 4221 309 4288 IV
331 4227 383 4302 22,
407 4227 439 4288 2:
469 4223 563 4305 idque
592 4223 631 4288 ab
653 4221 792 4305 eacmpio
812 4241 899 4285 nunc
919 4221 1032 4285 melius
1053 4219 1234 4303 appredcris
1263 4222 1371 4288 eodem
1394 4243 1487 4288 sensu

147 4375 148 4380 η
261 4329 298 4392 ut
319 4328 447 4392 videtur
469 4347 530 4410 quo
553 4324 606 4390 ΠΙ
629 4330 678 4404 12,
702 4327 741 4391 4:
765 4326 820 4392 sed
836 4323 919 4390 VIII
939 4328 989 4405 16,
1012 4329 1048 4391 5:
1072 4325 1152 4388 sicud
1174 4323 1246 4387 istic
1266 4323 1316 4388 nit
1336 4344 1418 4400 acre,
1440 4323 1489 4388 nii

261 4428 416 4510 eloquens,
432 4429 480 4492 ita
495 4427 579 4493 nihii
592 4427 731 4492 inditum
745 4448 810 4493 nm
824 4427 1010 4505 absolutum,
1025 4448 1090 4492 non
1103 4429 1143 4492 ab
1159 4426 1298 4510 euempto
1313 4429 1488 4495 secundum
