3496 4924
889 344 974 414 98'

291 539 377 598 trum
406 533 494 618 lapi?
538 534 637 615 1117,
661 541 694 604 3:
729 536 873 600 ambiunt
903 553 937 598 a·
954 537 1100 602 curuans
1128 536 1203 600 bene
1233 535 1293 618 api
1323 537 1394 600 uun
1424 535 1524 619 lepato

286 639 397 718 potins
420 659 515 719 quam
537 658 606 703 cum
621 638 783 722 leqatione.
821 637 914 718 VIO,
933 644 972 705 3:
996 638 1174 704 solumtiti
1195 639 1402 704 acrimoniam
1426 641 1522 721 Quin·

292 741 401 804 titiani
421 761 627 824 pompamque
650 741 795 806 Palladii
825 742 1004 822 comparari
1032 762 1107 805 non
1126 742 1227 806 ambio
1255 741 1310 804 sed
1317 783 1319 788 -
1332 743 1440 822 potins
1465 743 1524 806 ad—

290 845 412 925 quiesco
434 845 515 927 (non
541 845 706 926 adquiesco
734 868 759 913 c.
783 867 845 912 aec.
874 868 900 912 c.
922 847 977 911 ini.
1000 847 1097 924 eccl).
1151 863 1279 910 annuo
1302 844 1384 910 VIII
1405 850 1434 924 6,
1465 850 1522 912 16:

289 947 327 1011 in
355 947 514 1028 sapientes
543 949 627 1012 oiros
721 948 828 1012 minus
862 969 971 1012 annno
998 947 1090 1012 licere
1120 947 1266 1027 fortuitis
1293 949 1388 1027 (Eun.
1420 950 1521 1014 Plaut.

289 1052 382 1135 Verg.
404 1050 491 1135 hia).
535 1055 693 1118 autumo
716 1054 776 1118 VII
793 1057 821 1132 9,
847 1056 902 1118 12:
927 1072 966 1114 ea·
987 1050 1039 1114 lois
1054 1050 1156 1130 pauci
1239 1048 1339 1114 solam
1359 1049 1522 1114 clericatus

290 1153 536 1217 diuturnitatem
552 1174 614 1233 pro
635 1155 757 1218 meritis
779 1158 950 1219 autumant
972 1152 1200 1217 calculandam.
1237 1153 1286 1231 15,
1303 1154 1363 1218 88:
1380 1153 1518 1232 pantu

291 1277 351 1337 que
372 1257 444 1320 deos
466 1257 511 1320 sic
532 1261 681 1320 autumat
707 1261 790 1323 ortos
812 1261 930 1341 (Plaut.
951 1259 1048 1324 Lucil.
1070 1258 1185 1323 Catull.
1203 1257 1272 1322 Son.
1290 1259 1383 1340 Apul
1406 1260 1520 1321 Auson.

289 1359 430 1441 Arnon).
475 1381 626 1427 causor
650 1360 707 1446 (=
730 1361 919 1445 conqueror)
949 1361 981 1425 II
1003 1362 1033 1438 2,
1058 1359 1094 1424 1:
1126 1358 1199 1423 ruri
1220 1378 1268 1420 me
1290 1377 1356 1421 esse
1377 1359 1522 1422 causaris

241 1473 244 1484 '
290 1463 386 1544 (Salv.
412 1464 493 1530 Gub.
518 1460 673 1548 D.V3).
719 1464 934 1549 *compello
957 1464 984 1528 V
1009 1463 1058 1541 11,
1086 1464 1119 1525 2;
1157 1481 1289 1544 qaorum
1319 1481 1420 1524 unam
1449 1461 1524 1542 fieri

287 1566 405 1648 qratia,
427 1565 563 1630 alterum
579 1566 690 1630 charta
705 1567 860 1646 conpellit.
902 1570 992 1632 *cre
1003 1588 1050 1650 po
1074 1567 1104 1643 2,
1121 1568 1183 1630 624
1206 1583 1271 1646 sq.:
1294 1583 1380 1627 nunc
1397 1563 1523 1644 aliquos

291 1673 359 1732 uoto
381 1667 480 1732 simili
500 1669 548 1732 uel
571 1689 686 1745 amore,
716 1669 869 1746 Vetustas,
893 1673 921 1733 te
941 1667 1050 1750 leqisse
1072 1680 1166 1748 crepa
1189 1688 1225 1733 ao
1248 1668 1381 1733 forsitan
1396 1671 1426 1746 2,
1444 1670 1521 1733 358:

292 1771 446 1836 incertum
476 1775 584 1851 crepat
612 1771 667 1835 ille
691 1775 819 1852 patrem
850 1761 882 1837 st
909 1775 937 1850 9,
961 1774 1021 1837 57:
1056 1773 1259 1853 coqnatos'que
1282 1769 1436 1834 silideos
1457 1789 1521 1834 cre-

288 1877 428 1954 pantem.
473 1876 654 1941 decerno
679 1877 732 1940 ubi
755 1877 852 1940 solam
873 1876 1075 1952 sententiam,
1098 1895 1162 1939 non
1184 1877 1380 1940 voluntatem
1400 1875 1519 1940 -indicat

291 1967 338 2045 ita
360 1982 397 2043 ut
420 1979 507 2043 idem·
528 1979 570 2044 sit
592 1979 675 2060 quod
698 1996 803 2041 censeo
825 1981 863 2042 ut
884 1977 1066 2055 villas:
1089 1976 1156 2056 ipse
1178 1977 1307 2040 duerno
1330 1975 1410 2039 satis
1433 1975 1518 2038 illins

292 2080 394 2143 111111
410 2100 581 2160 personam
601 2085 634 2146 ot
651 2083 700 2158 15,
721 2084 760 2146 85
778 2101 837 2164 sq.:
861 2080 989 2163 sinqnla
1011 2080 1066 2162 qni
1088 2081 1238 2164 quosdam
1259 2080 1362 2161 fontes
1383 2077 1521 2142 deceruit

291 2181 403 2246 tabem
424 2183 599 2246 Aeternum
624 2183 764 2264 irriquos
785 2201 824 2245 ac
844 2204 952 2247 rernm
975 2184 1091 2248 semine
1106 2182 1220 2264 plenos
1243 2205 1315 2249 oum
1338 2203 1401 2248 aco.
1425 2201 1451 2246 c.
1469 2181 1521 2246 inf.

290 2288 430 2370 legitima
454 2288 658 2352 coniunctum
682 2293 739 2352 est.
779 2306 837 2352 nso
858 2288 964 2353 mInus
987 2307 1067 2371 quae
1089 2290 1239 2370 leguntur
1262 2284 1323 2351 Vll
1347 2287 1376 2362 8,
1400 2285 1432 2348 4:
1454 2303 1521 2346 eoo-

291 2388 426 2452 candum
457 2389 672 2469 ltprimum,
707 2389 818 2452 deiude
926 2394 1006 2452 certe
1035 2389 1259 2454 consulendum
1288 2387 1521 2454 decerneremus

291 2495 371 2560 satis
393 2495 553 2575 elegantia
576 2499 660 2559 sunt.
706 2495 761 2558 sed
786 2494 830 2559 lX
847 2493 926 2571 2,1:
949 2493 1064 2556 iubetis
1086 2492 1168 2556 enim
1192 2496 1257 2554 tam
1279 2490 1403 2555 diuersa
1424 2508 1520 2570 quam

291 2595 393 2658 nimio
416 2595 632 2676 explicarique
653 2595 821 2658 decernitis
844 2615 921 2678 opus
951 2597 1036 2660 infin.
1061 2616 1160 2679 praes.
1184 2596 1267 2660 haud
1292 2598 1337 2660 lta
1359 2595 1520 2676 legItImus

292 2704 342 2764 est
365 2697 434 2782 (eir.
454 2700 569 2782 Draeg.
592 2700 623 2764 ΙΙ
647 2699 733 2781 407).
779 2699 982 2783 *deposco
1006 2699 1083 2763 VIII
1106 2699 1156 2776 16,
1180 2701 1215 2762 3:
1243 2697 1272 2760 si
1295 2697 1346 2760 uir
1372 2693 1522 2758 inlustris

291 2799 417 2882 aliquid
445 2800 580 2881 insuper
605 2801 699 2865 soriti
727 2800 959 2882 depoposcisset.
1005 2801 1130 2885 *dequ
1143 2821 1246 2867 erar·
1262 2801 1308 2864 IX
1331 2803 1360 2878 9,
1385 2799 1422 2864 l:
1454 2797 1520 2860 lon-

291 2923 365 2985 qum
388 2907 489 2967 tacere
576 2923 634 2968 nos
662 2904 698 2968 in
721 2923 879 2968 commune
901 2903 1067 2986 dequestus
1088 2923 1129 2967 es.
1173 2904 1281 2968 *diff
1286 2923 1346 2969 ero
1369 2901 1427 2984 (=
1448 2921 1518 2986 pro·

293 3008 399 3089 hibso)
422 3005 499 3072 VIII
522 3012 552 3086 2,
577 3008 612 3072 1:
640 3007 669 3069 si
690 3005 883 3071 distulissem
897 3007 1051 3087 prosequi
1071 3005 1220 3070 laudibus
1242 3005 1325 3088 quod
1345 3003 1465 3068 aboleri
1484 3005 1518 3063 ta

293 3107 419 3172 litteras
441 3109 604 3175 distulisti.
650 3113 696 3176 do
720 3111 764 3174 IV
787 3113 816 3188 6,
839 3110 876 3174 3;
908 3108 994 3173 dabit
1015 3109 1141 3189 quidem
1167 3109 1248 3173 talia
1274 3111 1346 3172 cota
1368 3106 1521 3171 diuinitus

367 3213 556 3292 promoueri.
606 3215 635 3292 2,
663 3215 742 3279 487;
780 3232 854 3275 mon
880 3211 1015 3294 Ldrpam
1035 3229 1174 3296 ,sperare
1205 3213 1294 3276 dabis
1329 3211 1439 3296 (poeti.
1466 3211 1521 3275 cl.

294 3316 407 3397 Drasg.
429 3317 461 3380 Il
485 3315 572 3397 416).
618 3316 736 3382 datur
757 3314 802 3378 IV
825 3317 876 3393 21,
899 3317 934 3379 61
964 3314 1105 3397 intelleqi
1135 3313 1233 3378 datur
1256 3314 1370 3396 pandit
1391 3313 1521 3396 plaste

363 3421 589 3482 assecuturum.
632 3418 694 3484 Vll
718 3419 767 3497 14,
794 3422 847 3484 12:
870 3437 923 3483 uos
943 3438 964 3481 a
984 3439 1031 3482 me
1053 3417 1154 3481 uideri
1171 3415 1292 3482 Christi
1314 3436 1441 3484 munere
1463 3414 1520 3477 du-

294 3523 349 3583 tur
380 3518 680 3603 (1111112011.
721 3523 849 3588 Hieron.
873 3524 904 3587 in
932 3521 1251 3594 azech.X1140,1.
1286 3524 1319 3586 in
1349 3521 1462 3588 Matth.
1488 3519 1522 3582 II

295 3625 345 3701 13,
371 3626 425 3689 1οε
452 3622 593 3706 intelleqi
622 3624 742 3708 datur).
787 3646 866 3692 non
899 3626 1044 3689 dubito
1067 3624 1145 3689 VIII
1169 3627 1218 3702 14,
1244 3623 1281 3689 7:
1314 3644 1403 3689 nemo
1432 3619 1521 3686 duli-

295 3726 411 3790 taoerit
432 3745 496 3790 esse
519 3730 548 3790 te
569 3727 729 3810 optimum.
767 3729 840 3793 ibid.
857 3729 875 3810 ἕ
892 3730 928 3792 6:
951 3726 1023 3808 quis
1044 3746 1097 3790 oos
1119 3726 1293 3790 dubitet
1313 3725 1520 3790 dedicaturos.

296 3831 440 3895 similiter
467 3831 539 3895 ibid.
563 3830 582 3911 ξ
610 3833 645 3895 5:
685 3829 770 3894 nulli
796 3829 925 3894 dubium
953 3833 999 3892 est
1030 3848 1083 3893 oos
1112 3833 1187 3892 tnnc
1278 3832 1519 3893 consecraturos.

296 3953 376 4016 quae
399 3936 559 3999 structura
582 3954 655 4000 oum
682 3955 731 4018 ap.
755 3935 897 4000 Caesel
921 3932 1108 3999 Sallustium
1137 3952 1303 4016 nusquam,
1333 3955 1380 4018 ap.
1404 3933 1466 3999 Cic.
1488 3933 1522 3996 in

296 4037 370 4102 solis
386 4056 454 4121 epp.
471 4038 564 4114 extet,
584 4057 621 4102 ex
633 4036 714 4101 Livii
729 4040 832 4103 aetate
845 4038 1095 4121 percrebrescere
1113 4037 1395 4122 magis-magisque
1411 4037 1522 4120 coepit.

297 4141 415 4222 exigo
445 4136 498 4202 ΙΠ
525 4140 554 4217 3,
578 4142 611 4203 3:
642 4158 719 4220 qnos
748 4138 822 4203 olim
852 4137 988 4220 Latinos
1017 4137 1091 4219 pieri
1120 4157 1274 4221 caeperas.
1321 4133 1390 4203 VI]¹
1411 4139 1461 4218 17,
1484 4140 1521 4202 4;

297 4241 394 4324 eripit
416 4244 446 4306 11
467 4241 581 4323 roqari.
625 4243 670 4306 IX
692 4245 722 4320 2,
745 4244 779 4307 3:
802 4260 842 4305 ne
927 4241 1024 4306 nimis
1045 4241 1155 4324 eaiqos
1175 4241 1395 4305 veremudiam
1422 4259 1522 4304 meam

296 4343 563 4425 qualitercumque
585 4343 764 4408 latitantem
787 4345 884 4428 coepti
911 4344 1014 4426 operis
1035 4343 1163 4407 huiusce
1186 4344 1360 4408 temeritate
1386 4344 1522 4408 111111111-

298 4446 380 4510 stari
403 4447 504 4532 (Suet.
530 4449 622 4514 Mart.
648 4447 735 4512 Paul.
758 4447 845 4534 diga.
891 4466 1009 4513 exoro
1032 4445 1081 4511 VI
1104 4446 1153 4526 10,
1176 4448 1210 4509 l:
1232 4447 1322 4510 cuius
1344 4445 1522 4530 (sementis)
